% This file was created with JabRef 2.10b2.
% Encoding: ISO8859_1


@Article{Abbott2010,
  Title                    = {{Metrics: Do metrics matter?}},
  Author                   = {Abbott, Alison and Cyranoski, David and Jones, Nicola and Maher, Brendan and Schiermeier, Quirin and {Van Noorden}, Richard},
  Journal                  = {Nature},
  Year                     = {2010},
  Number                   = {7300},
  Pages                    = {860--862},
  Volume                   = {465}
}

@Article{Abramo2013,
  Title                    = {{Gender differences in research collaboration}},
  Author                   = {Abramo, Giovanni and D'Angelo, Ciriaco Andrea and Murgia, Gianluca},
  Journal                  = {J. Informetr.},
  Year                     = {2013},
  Number                   = {4},
  Pages                    = {811--822},
  Volume                   = {7}
}

@Article{Abramo2013a,
  Title                    = {{The collaboration behaviors of scientists in Italy: A field level analysis}},
  Author                   = {Abramo, Giovanni and D'Angelo, Ciriaco Andrea and Murgia, Gianluca},
  Journal                  = {J. Informetr.},
  Year                     = {2013},
  Number                   = {2},
  Pages                    = {442--454},
  Volume                   = {7}
}

@Article{Acuna2012,
  Title                    = {{Future impact: Predicting scientific success}},
  Author                   = {Acuna, Daniel E. and Allesina, Stefano and Kording, Konrad P.},
  Journal                  = {Nature},
  Year                     = {2012},
  Number                   = {7415},
  Pages                    = {201--202},
  Volume                   = {489}
}

@Misc{Adamczyk2016,
  Title                    = {{Why You Should Care About the Hollywood Wage Gap}},

  Author                   = {Adamczyk, Alicia},
  Note                     = {Accessed June 30, 2017},
  Year                     = {2016},

  Url                      = {http://time.com/money/4207416/hollywood-wage-gap},
  Urldate                  = {2017-06-30}
}

@Article{Ahuja2000,
  Title                    = {{Collaboration networks, structural holes, and innovation: A longitudinal study}},
  Author                   = {Ahuja, Gautam},
  Journal                  = {Adm. Sci. Q.},
  Year                     = {2000},
  Number                   = {3},
  Pages                    = {425--455},
  Volume                   = {45}
}

@Article{Ainslie2005,
  Title                    = {{Modeling Movie Life Cycles and Market Share}},
  Author                   = {Ainslie, Andrew and Dr{\`{e}}ze, Xavier and Zufryden, Fred},
  Journal                  = {Mark. Sci.},
  Year                     = {2005},
  Number                   = {3},
  Pages                    = {508--517},
  Volume                   = {24}
}

@Article{Aksnes2003,
  Title                    = {{Characteristics of highly cited papers}},
  Author                   = {Aksnes, Dag W.},
  Journal                  = {Res. Eval.},
  Year                     = {2003},
  Number                   = {3},
  Pages                    = {159--170},
  Volume                   = {12}
}

@Article{Alonso2009,
  Title                    = {{h-Index: A review focused in its variants, computation and standardization for different scientific fields}},
  Author                   = {Alonso, S. and Cabrerizo, F. J. and Herrera-Viedma, E. and Herrera, F.},
  Journal                  = {J. Informetr.},
  Year                     = {2009},
  Number                   = {4},
  Pages                    = {273--289},
  Volume                   = {3}
}

@Article{Alonso2009a,
  Title                    = {{Hg-Index: a New Index To Characterize the Scientific Output of Researchers Based on the H- and G-Indices}},
  Author                   = {Alonso, S. and Cabrerizo, F. J. and Herrera-Viedma, E. and Herrera, F.},
  Journal                  = {Scientometrics},
  Year                     = {2009},
  Number                   = {2},
  Pages                    = {391--400},
  Volume                   = {82}
}

@TechReport{MPAA2017,
  Title                    = {{Creating Jobs, Trading Around the World}},
  Author                   = {Motion Picture Association of America},
  Institution              = {Motion Picture Association of America},
  Year                     = {2017}
}

@TechReport{MPAA2015,
  Title                    = {{2015 Theatrical Market Statistics}},
  Author                   = {Motion Picture Association of America},
  Institution              = {Motion Picture Association of America},
  Year                     = {2015}
}

@Article{Bart2013,
  Title                    = {{Why women make better directors}},
  Author                   = {Bart, Chris and McQueen, Gregory},
  Journal                  = {Int. J. Bus. Gov. Ethics},
  Year                     = {2013},
  Number                   = {1},
  Pages                    = {93--99},
  Volume                   = {8}
}

@Article{Barthelemy2016,
  Title                    = {{Gender Discrimination in Physics and Astronomy : Graduate Student Experiences of Sexism and Gender Microaggressions}},
  Author                   = {Barthelemy, Ram{\'{o}}n S. and Mccormick, Melinda},
  Journal                  = {Phys. Rev. Phys. Educ. Res.},
  Year                     = {2016},
  Number                   = {12},
  Pages                    = {1--28},
  Volume                   = {020119}
}

@Article{Bazzini1997,
  Title                    = {{The Aging Woman in Popular Film: Underrepresented, Unattractive, Unfriendly, and Unintelligent}},
  Author                   = {Bazzini, Doris G. and McIntosh, William D. and Smith, Stephen M. and Cook, Sabrina and Harris, Caleigh},
  Journal                  = {Sex Roles},
  Year                     = {1997},
  Number                   = {7-8},
  Pages                    = {531--543},
  Volume                   = {36}
}

@Article{Benjamini1995,
  Title                    = {{Controlling the false discovery rate: a practical and powerful approach to multiple testing}},
  Author                   = {Benjamini, Yoav and Hochberg, Yosef},
  Journal                  = {J. R. Stat. Soc. Ser. B},
  Year                     = {1995},
  Number                   = {1},
  Pages                    = {289--300},
  Volume                   = {57}
}

@Article{Berdahl2005,
  Title                    = {{Men, Women, and Leadership Centralization in Groups Over Time.}},
  Author                   = {Berdahl, Jennifer L. and Anderson, Cameron},
  Journal                  = {Gr. Dyn. Theory, Res. Pract.},
  Year                     = {2005},
  Number                   = {1},
  Pages                    = {45--57},
  Volume                   = {9}
}

@Book{Berry2002,
  Title                    = {{Screen Style: Fashion and Femininity in 1930s Hollywood}},
  Author                   = {Berry, Sarah},
  Publisher                = {Univ Of Minnesota Press},
  Year                     = {2002}
}

@Article{Bharathi2013,
  Title                    = {{Evaluation and ranking of researchers - bh index.}},
  Author                   = {Bharathi, D. Gnana},
  Journal                  = {PLoS One},
  Year                     = {2013},
  Number                   = {12},
  Pages                    = {e82050},
  Volume                   = {8}
}

@Article{Bielby2009,
  Title                    = {{Gender inequality in culture industries: Women and men writers in film and television}},
  Author                   = {Bielby, Denise D.},
  Journal                  = {Sociol. Trav.},
  Year                     = {2009},
  Number                   = {2},
  Pages                    = {237--252},
  Volume                   = {51}
}

@Article{Bielby1996,
  Title                    = {{Women and Men in Film: Gender Inequality Among Writers in a Culture Industry}},
  Author                   = {Bielby, Denise D. and Bielby, William T.},
  Journal                  = {Gend. Soc.},
  Year                     = {1996},
  Number                   = {3},
  Pages                    = {248--270},
  Volume                   = {10}
}

@Article{Bohannon2013,
  Title                    = {{Who's Afraid of Peer Review?}},
  Author                   = {Bohannon, John},
  Journal                  = {Science},
  Year                     = {2013},
  Number                   = {6154},
  Pages                    = {60--65},
  Volume                   = {342}
}

@Article{Bonetta2009,
  Title                    = {{Should You Be Tweeting?}},
  Author                   = {Bonetta, Laura},
  Journal                  = {Cell},
  Year                     = {2009},
  Number                   = {3},
  Pages                    = {452--453},
  Volume                   = {139}
}

@Article{Bordons1996,
  Title                    = {{Local, Domestic and International Scientific Collaboration in Biomedical Research}},
  Author                   = {Bordons, Maria and G{\'{o}}mez, Isabel and Fern{\'{a}}ndez, M. Teresa and Zulueta, M. Angeles and M{\'{e}}ndez, Aida},
  Journal                  = {Scientometrics},
  Year                     = {1996},
  Number                   = {2},
  Pages                    = {279--295},
  Volume                   = {37}
}

@Article{Borgman2002,
  Title                    = {{Scholarly communication and bibliometrics}},
  Author                   = {Borgman, Christine L. and Furner, Jonathan},
  Journal                  = {Annu. Rev. Inf. Sci. Technol.},
  Year                     = {2005},
  Number                   = {1},
  Pages                    = {2--72},
  Volume                   = {36}
}

@Article{Bornmann2008,
  Title                    = {{What do citation counts measure? A review of studies on citing behavior}},
  Author                   = {Bornmann, Lutz and Daniel, Hans-Dieter},
  Journal                  = {Journal of Documentation},
  Year                     = {2008},
  Number                   = {1},
  Pages                    = {45--80},
  Volume                   = {64},

  Booktitle                = {J. Doc.}
}

@Article{Bornmann2007,
  Title                    = {{What do we know about the h index?}},
  Author                   = {Bornmann, Lutz and Daniel, Hans-Dieter},
  Journal                  = {J. Am. Soc. Inf. Sci. Technol.},
  Year                     = {2007},
  Number                   = {9},
  Pages                    = {1381--1385},
  Volume                   = {58}
}

@Article{Bornmann2012,
  Title                    = {{The new Excellence Indicator in the World Report of the SCImago Institutions Rankings 2011}},
  Author                   = {Bornmann, Lutz and {de Moya Aneg{\'{o}}n}, Felix and Leydesdorff, Loet},
  Journal                  = {J. Informetr.},
  Year                     = {2012},
  Number                   = {2},
  Pages                    = {333--335},
  Volume                   = {6}
}

@Article{Bouabid2011,
  Title                    = {{Revisiting citation aging: a model for citation distribution and life-cycle prediction}},
  Author                   = {Bouabid, Hamid},
  Journal                  = {Scientometrics},
  Year                     = {2011},
  Number                   = {1},
  Pages                    = {199--211},
  Volume                   = {88}
}

@Misc{Boyle2004,
  Title                    = {{The Feminization of Teaching in America}},

  Author                   = {Boyle, Elizabeth},
  Note                     = {Accessed May 5, 2017},
  Year                     = {2004},

  Url                      = {https://stuff.mit.edu/afs/athena.mit.edu/org/w/wgs/prize/eb04.html},
  Urldate                  = {2017-05-05}
}

@Article{Bozeman2004,
  Title                    = {{Scientists' collaboration strategies: implications for scientific and technical human capital}},
  Author                   = {Bozeman, Barry and Corley, Elizabeth},
  Journal                  = {Res. Policy},
  Year                     = {2004},
  Number                   = {4},
  Pages                    = {599--616},
  Volume                   = {33}
}

@Article{Bozeman2011,
  Title                    = {{How do men and women differ in research collaborations? An analysis of the collaborative motives and strategies of academic researchers}},
  Author                   = {Bozeman, Barry and Gaughan, Monica},
  Journal                  = {Res. Policy},
  Year                     = {2011},
  Number                   = {10},
  Pages                    = {1393--1402},
  Volume                   = {40}
}

@Article{Brooks1986,
  Title                    = {{Evidence of complex citer motivations}},
  Author                   = {Brooks, Terrence A.},
  Journal                  = {J. Am. Soc. Inf. Sci.},
  Year                     = {1986},
  Number                   = {1},
  Pages                    = {34--36},
  Volume                   = {37}
}

@Book{Buhle2004,
  Title                    = {{Hide in Plain Sight: The Hollywood Blacklistees in Film and Television, 1950-2002}},
  Author                   = {Buhle, Paul and Wagner, David},
  Publisher                = {St. Martin's Griffin},
  Year                     = {2004}
}

@Article{Burrell2003a,
  Title                    = {{Predicting future citation behavior}},
  Author                   = {Burrell, Quentin L.},
  Journal                  = {J. Am. Soc. Inf. Sci. Technol.},
  Year                     = {2003},
  Number                   = {5},
  Pages                    = {372--378},
  Volume                   = {54}
}

@Article{Burrell2001,
  Title                    = {{Stochastic modelling of the first-citation distribution}},
  Author                   = {Burrell, Quentin L.},
  Journal                  = {Scientometrics},
  Year                     = {2001},
  Number                   = {1},
  Pages                    = {3--12},
  Volume                   = {52}
}

@Article{Butler2013,
  Title                    = {{Investigating journals: The dark side of publishing}},
  Author                   = {Butler, Declan},
  Journal                  = {Nature},
  Year                     = {2013},
  Number                   = {7442},
  Pages                    = {433--435},
  Volume                   = {495}
}

@Article{Campbell2013,
  Title                    = {{Gender-Heterogeneous Working Groups Produce Higher Quality Science}},
  Author                   = {Campbell, Lesley G. and Mehtani, Siya and Dozier, Mary E. and Rinehart, Janice},
  Journal                  = {PLoS One},
  Year                     = {2013},
  Number                   = {10},
  Pages                    = {1--6},
  Volume                   = {8}
}

@Article{Carnes2008,
  Title                    = {{Women's health and women's leadership in academic medicine: Hitting the same glass ceiling?}},
  Author                   = {Carnes, Molly and Morrissey, Claudia and Geller, Stacie E.},
  Journal                  = {J. Women's Heal.},
  Year                     = {2008},
  Number                   = {9},
  Pages                    = {1453--1462},
  Volume                   = {17}
}

@Article{Castellano2009,
  Title                    = {{Statistical physics of social dynamics}},
  Author                   = {Castellano, Claudio and Fortunato, Santo and Loreto, Vittorio},
  Journal                  = {Rev. Mod. Phys.},
  Year                     = {2009},
  Number                   = {2},
  Pages                    = {591--646},
  Volume                   = {81}
}

@Article{Cattani2013,
  Title                    = {{Tackling the ``Gal{\'{a}}cticos'' effect: Team familiarity and the performance of star-studded projects}},
  Author                   = {Cattani, Gino and Ferriani, Simone and Mariani, Marcello M. and Mengoli, Stefano},
  Journal                  = {Ind. Corp. Chang.},
  Year                     = {2013},
  Number                   = {6},
  Pages                    = {1629--1662},
  Volume                   = {22}
}

@Article{Ceci2011,
  Title                    = {{Understanding current causes of women's underrepresentation in science.}},
  Author                   = {Ceci, Stephen J. and Williams, Wendy M.},
  Journal                  = {Proc. Natl. Acad. Sci.},
  Year                     = {2011},
  Number                   = {8},
  Pages                    = {3157--3162},
  Volume                   = {108}
}

@Article{Ceriani2011,
  Title                    = {{The origins of the Gini index: extracts from Variabilit{\`{a}} e Mutabilit{\`{a}} (1912) by Corrado Gini}},
  Author                   = {Ceriani, Lidia and Verme, Paolo},
  Journal                  = {J. Econ. Inequal.},
  Year                     = {2011},
  Number                   = {3},
  Pages                    = {421--443},
  Volume                   = {10}
}

@Article{Clopper1934,
  Title                    = {{The use of confidence or fiducial limits illustrated in the case of the binomial}},
  Author                   = {Clopper, C. J. and Pearson, E. S.},
  Journal                  = {Biometrika},
  Year                     = {1934},
  Number                   = {4},
  Pages                    = {404--413},
  Volume                   = {26}
}

@InCollection{Cole2000,
  Title                    = {{A Short History of the Use of Citations as a Measure of the Impact of Scientific and Scholarly Work}},
  Author                   = {Cole, Jonathan R.},
  Booktitle                = {web Knowl. A Festschrift Honor Eugene Garf.},
  Publisher                = {Information Today},
  Year                     = {2000},
  Chapter                  = {14},
  Pages                    = {281--300}
}

@InCollection{Cole1984,
  Title                    = {{The Productivity Puzzle: Persistence and change in patterns of publication of men and women scientists}},
  Author                   = {Cole, Jonathan R. and Zuckerman, Harriet},
  Booktitle                = {Adv. Motiv. Achiev.},
  Publisher                = {JAI Press},
  Year                     = {1984},
  Editor                   = {Maehr, M. L.; and Steinkamp, M. W.},
  Pages                    = {217--258}
}

@Misc{Congress2017,
  Title                    = {{National Film Preservation Board}},

  Author                   = {of Congress, Library},
  Note                     = {Accessed June 30, 2017},
  Year                     = {2017},

  Url                      = {https://www.loc.gov/programs/national-film-preservation-board/film-registry/},
  Urldate                  = {2017-06-30}
}

@Article{Cronin1994a,
  Title                    = {{Citation-based auditing of academic performance}},
  Author                   = {Cronin, Blaise and Overfelt, Kara},
  Journal                  = {J. Am. Soc. Inf. Sci.},
  Year                     = {1994},
  Number                   = {2},
  Pages                    = {61--72},
  Volume                   = {45}
}

@Article{Cummings2005,
  Title                    = {{Collaborative Research Across Disciplinary and Organizational Boundaries}},
  Author                   = {Cummings, Jonathon N. and Kiesler, Sara},
  Journal                  = {Soc. Stud. Sci.},
  Year                     = {2005},
  Number                   = {5},
  Pages                    = {703--722},
  Volume                   = {35}
}

@Article{Davis2006,
  Title                    = {{eJournal interface can influence usage statistics: Implications for libraries, publishers, and Project COUNTER}},
  Author                   = {Davis, Philip M. and Price, Jason S.},
  Journal                  = {J. Am. Soc. Inf. Sci. Technol.},
  Year                     = {2006},
  Number                   = {9},
  Pages                    = {1243--1248},
  Volume                   = {57}
}

@Article{DePater2014,
  Title                    = {{Age, Gender, and Compensation: A Study of Hollywood Movie Stars}},
  Author                   = {{De Pater}, Irene E. and Judge, Timothy A. and Scott, Brent A.},
  Journal                  = {J. Manag. Inq.},
  Year                     = {2014},
  Number                   = {4},
  Pages                    = {407--420},
  Volume                   = {23}
}

@Article{Dean2008,
  Title                    = {{No human resource is an island: Gendered, racialized access to work as a performer}},
  Author                   = {Dean, Deborah},
  Journal                  = {Gender, Work Organ.},
  Year                     = {2008},
  Number                   = {2},
  Pages                    = {161--181},
  Volume                   = {15}
}

@Book{Deutelbaum1989,
  Title                    = {{The Genius of the System: Hollywood Filmmaking in the Studio Era}},
  Author                   = {Deutelbaum, Marshall},
  Publisher                = {JSTOR},
  Year                     = {1989}
}

@Book{Draper1998,
  Title                    = {{Applied Regression Analysis}},
  Author                   = {Draper, Norman Richard and Smith, Harry},
  Publisher                = {John Wiley {\&} Sons, Inc.},
  Year                     = {1998},

  Address                  = {Hoboken, NJ, USA},
  Edition                  = {2nd},

  Pages                    = {736}
}

@Article{Duch2012,
  Title                    = {{The possible role of resource requirements and academic career-choice risk on gender differences in publication rate and impact}},
  Author                   = {Duch, Jordi and Zeng, Xiao Han T. and Sales-Pardo, Marta and Radicchi, Filippo and Otis, Shayna and Woodruff, Teresa K. and Amaral, Lu{\'{i}}s A. Nunes},
  Journal                  = {PLoS One},
  Year                     = {2012},
  Number                   = {12},
  Pages                    = {e51332},
  Volume                   = {7}
}

@Article{Dyer2002,
  Title                    = {{Effective interfirm collaboration: how firms minimize transaction costs and maximize transaction value}},
  Author                   = {Dyer, Jeffrey H.},
  Journal                  = {Strateg. Manag. J.},
  Year                     = {2002},
  Number                   = {7},
  Pages                    = {535--556},
  Volume                   = {18}
}

@Article{Editorials2013,
  Title                    = {{Science for all}},
  Author                   = {Editorial},
  Journal                  = {Nature},
  Year                     = {2013},
  Pages                    = {5},
  Volume                   = {495}
}

@Article{Edmonson1999,
  Title                    = {{Psychological Safety and Learning Behavior in Work Teams}},
  Author                   = {Edmonson, Amy},
  Journal                  = {Adm. Sci. Q.},
  Year                     = {1999},
  Number                   = {2},
  Pages                    = {350--383},
  Volume                   = {44}
}

@InCollection{Egan2013,
  Title                    = {{Introduction: Star-Making, Cult-Making and Forms of Authenticity}},
  Author                   = {Egan, Kate and Thomas, Sarah},
  Booktitle                = {Cult Film Stardom Offbeat Attract. Process. Cultification},
  Publisher                = {Palgrave Macmillan UK},
  Year                     = {2013},

  Address                  = {London},
  Editor                   = {Egan, Kate and Thomas, Sarah},
  Pages                    = {1--17}
}

@Article{Egghe2007,
  Title                    = {{Dynamich-index: The Hirsch index in function of time}},
  Author                   = {Egghe, Leo},
  Journal                  = {J. Am. Soc. Inf. Sci. Technol.},
  Year                     = {2007},
  Number                   = {3},
  Pages                    = {452--454},
  Volume                   = {58}
}

@Article{Egghe2006a,
  Title                    = {{Theory and practise of the g-index}},
  Author                   = {Egghe, Leo},
  Journal                  = {Scientometrics},
  Year                     = {2006},
  Number                   = {1},
  Pages                    = {131--152},
  Volume                   = {69}
}

@Article{Egghe2006b,
  Title                    = {{Theory and practise of the g-index}},
  Author                   = {Egghe, Leo},
  Journal                  = {Scientometrics},
  Year                     = {2006},
  Number                   = {1},
  Pages                    = {131--152},
  Volume                   = {69}
}

@Article{Egghe2001,
  Title                    = {{A noninformetric analysis of the relationship between citation age and journal productivity}},
  Author                   = {Egghe, Leo},
  Journal                  = {J. Am. Soc. Inf. Sci.},
  Year                     = {2001},
  Number                   = {5},
  Pages                    = {371--377},
  Volume                   = {52}
}

@Article{Egghe2000b,
  Title                    = {{A heuristic study of the first-citation distribution}},
  Author                   = {Egghe, Leo},
  Journal                  = {Scientometrics},
  Year                     = {2000},
  Number                   = {3},
  Pages                    = {345--359},
  Volume                   = {48}
}

@Article{Elberse2007,
  Title                    = {{The Power of Stars: Do Star Actors Drive the Success of Movies?}},
  Author                   = {Elberse, Anita},
  Journal                  = {J. Mark.},
  Year                     = {2007},
  Number                   = {4},
  Pages                    = {102--120},
  Volume                   = {71}
}

@Article{Engqvist2008,
  Title                    = {{The h-index and self-citations}},
  Author                   = {Engqvist, Leif and Frommen, Joachim G.},
  Journal                  = {Trends Ecol. Evol.},
  Year                     = {2008},
  Number                   = {5},
  Pages                    = {250--252},
  Volume                   = {23}
}

@Article{Etzkowitz2011,
  Title                    = {{Gender dynamics in science and technology: From the "leaky pipeline" to the "vanish box"}},
  Author                   = {Etzkowitz, Henry and Ranga, Marina},
  Journal                  = {Brussels Econ. Rev.},
  Year                     = {2011},
  Number                   = {2-3},
  Pages                    = {131--147},
  Volume                   = {54}
}

@Article{Falk-Krzesinski2010,
  Title                    = {{Advancing the Science of Team Science}},
  Author                   = {Falk-Krzesinski, Holly J. and B{\"{o}}rner, Katy and Contractor, Noshir and Fiore, Stephen M. and Hall, Kara L. and Keyton, Joann and Spring, Bonnie and Stokols, Daniel and Trochim, William and Uzzi, Brian},
  Journal                  = {Clin. Transl. Sci.},
  Year                     = {2010},
  Number                   = {5},
  Pages                    = {263--266},
  Volume                   = {3}
}

@Article{Faulkner1987,
  Title                    = {{Short-Term Projects and Emergent Careers: Evidence from Hollywood}},
  Author                   = {Faulkner, Robert R. and Anderson, Andy B.},
  Journal                  = {Am. J. Sociol.},
  Year                     = {1987},
  Number                   = {4},
  Pages                    = {879--909},
  Volume                   = {92}
}

@Article{Fausto2012,
  Title                    = {{Research Blogging: Indexing and Registering the Change in Science 2.0}},
  Author                   = {Fausto, Sibele and Machado, Fabio A. and Bento, Luiz Fernando J. and Iamarino, Atila and Nahas, Tatiana R. and Munger, David S.},
  Journal                  = {PLoS One},
  Year                     = {2012},
  Number                   = {12},
  Pages                    = {e50109},
  Volume                   = {7}
}

@Article{Fortin2013,
  Title                    = {{Big Science vs. Little Science: How Scientific Impact Scales with Funding}},
  Author                   = {Fortin, Jean-Michel and Currie, David J.},
  Journal                  = {PLoS One},
  Year                     = {2013},
  Number                   = {6},
  Pages                    = {e65263},
  Volume                   = {8}
}

@Article{Franceschini2010,
  Title                    = {{Analysis of the ch-index: an indicator to evaluate the diffusion of scientific research output by citers}},
  Author                   = {Franceschini, Fiorenzo and Maisano, Domenico and Perotti, Anna and Proto, Andrea},
  Journal                  = {Scientometrics},
  Year                     = {2010},
  Number                   = {1},
  Pages                    = {203--217},
  Volume                   = {85}
}

@Article{Frittelli2016,
  Title                    = {{Scientific Research Measures}},
  Author                   = {Frittelli, Marco and Mancini, Loriano and Peri, Ilaria},
  Journal                  = {J. Am. Soc. Inf. Sci. Technol.},
  Year                     = {2016},
  Number                   = {12},
  Pages                    = {3051-3063},
  Volume                   = {67}
}

@Article{Gajda2004,
  Title                    = {{Utilizing Collaboration Theory to Evaluate Strategic Alliances}},
  Author                   = {Gajda, Rebecca},
  Journal                  = {Am. J. Eval.},
  Year                     = {2004},
  Number                   = {1},
  Pages                    = {65--77},
  Volume                   = {25}
}

@Article{Garfield2006,
  Title                    = {{The history and meaning of the journal impact factor}},
  Author                   = {Garfield, Eugene},
  Journal                  = {J. Am. Med. Assoc.},
  Year                     = {2006},
  Number                   = {1},
  Pages                    = {90--93},
  Volume                   = {295}
}

@Article{Garfield1972,
  Title                    = {{Citation analysis as a tool in journal evaluation.}},
  Author                   = {Garfield, Eugene},
  Journal                  = {Science},
  Year                     = {1972},
  Number                   = {60},
  Pages                    = {471--479},
  Volume                   = {178}
}

@Book{Garfield1963,
  Title                    = {{Genetics Citation Index}},
  Author                   = {Garfield, Eugene and Sher, Irving H.},
  Publisher                = {Institute for Scientific Information, Philadelphia},
  Year                     = {1963},

  Booktitle                = {Philadelphia, Pa Inst. Sci. Inf.}
}

@Article{Garvin1981,
  Title                    = {{Blockbusters: The economics of mass entertainment}},
  Author                   = {Garvin, David A.},
  Journal                  = {J. Cult. Econ.},
  Year                     = {1981},
  Number                   = {1},
  Pages                    = {1--20},
  Volume                   = {5}
}

@Article{Glanzel2002,
  Title                    = {{Journal impact measures in bibliometric research}},
  Author                   = {Gl{\"{a}}nzel, Wolfgang and Moed, Henk F.},
  Journal                  = {Scientometrics},
  Year                     = {2002},
  Number                   = {2},
  Pages                    = {171--193},
  Volume                   = {53}
}

@Article{Gonsalves2016,
  Title                    = {{Masculinities and experimental practices in physics: The view from three case studies}},
  Author                   = {Gonsalves, Allison J. and Danielsson, Anna and Pattersson, Helena},
  Journal                  = {Phys. Rev. Phys. Educ. Res.},
  Year                     = {2016},
  Number                   = {2},
  Pages                    = {020120},
  Volume                   = {12}
}

@Misc{Gonzales2016,
  Title                    = {{Captain America Has a Lot to Say About the Gender Wage Gap}},

  Author                   = {Gonzales, Erica},
  Note                     = {Accessed June 30, 2017},
  Year                     = {2016},

  Url                      = {http://www.harpersbazaar.com/culture/film-tv/a15627/captain-america-chris-evans-gender-wage-gap/},
  Urldate                  = {2017-06-30}
}

@Article{Grugulis2012,
  Title                    = {{Social Capital and Networks in Film and TV: Jobs for the Boys?}},
  Author                   = {Grugulis, Irena and Stoyanova, Dimitrinka},
  Journal                  = {Organ. Stud.},
  Year                     = {2012},
  Number                   = {10},
  Pages                    = {1311--1331},
  Volume                   = {33}
}

@Article{Guimera2005,
  Title                    = {{Team assembly mechanisms determine collaboration network structure and team performance.}},
  Author                   = {Guimer{\`{a}}, Roger and Uzzi, Brian and Spiro, Jarrett and Amaral, Lu{\'{i}}s A. Nunes},
  Journal                  = {Science},
  Year                     = {2005},
  Number                   = {5722},
  Pages                    = {697--702},
  Volume                   = {308}
}

@Article{Hadida2010,
  Title                    = {{Commercial success and artistic recognition of motion picture projects}},
  Author                   = {Hadida, All{\`{e}}gre L.},
  Journal                  = {J. Cult. Econ.},
  Year                     = {2010},
  Number                   = {1},
  Pages                    = {45--80},
  Volume                   = {34}
}

@Article{Harris2006,
  Title                    = {{Gender differences in risk assessment: Why do women take fewer risks than men}},
  Author                   = {Harris, Christine R. and Jenkins, Michael and Glaser, Dale},
  Journal                  = {Judgm. Decis. Mak.},
  Year                     = {2006},
  Number                   = {1},
  Pages                    = {48--63},
  Volume                   = {1}
}

@Article{Haustein2011,
  Title                    = {{Applying social bookmarking data to evaluate journal usage}},
  Author                   = {Haustein, Stefanie and Siebenlist, Tobias},
  Journal                  = {J. Informetr.},
  Year                     = {2011},
  Number                   = {3},
  Pages                    = {446--457},
  Volume                   = {5}
}

@Article{Hirsch2010a,
  Title                    = {{An index to quantify an individual's scientific research output that takes into account the effect of multiple coauthorship}},
  Author                   = {Hirsch, Jorge E.},
  Journal                  = {Scientometrics},
  Year                     = {2010},
  Number                   = {3},
  Pages                    = {741--754},
  Volume                   = {85}
}

@Article{Hirsch2005,
  Title                    = {{An index to quantify an individual's scientific research output.}},
  Author                   = {Hirsch, Jorge E.},
  Journal                  = {Proc. Natl. Acad. Sci.},
  Year                     = {2005},
  Number                   = {46},
  Pages                    = {16569--16572},
  Volume                   = {102}
}

@Article{Hutchins2016,
  Title                    = {{Relative Citation Ratio (RCR): A new metric that uses citation rates to measure influence at the article level}},
  Author                   = {Hutchins, Bruce Ian and Yuan, Xin and Anderson, James M. and Santangelo, George M.},
  Journal                  = {PLOS Biology},
  Year                     = {2016},
  Number                   = {9},
  Pages                    = {1--25},
  Volume                   = {14}
}

@Article{Hyde2008,
  Title                    = {{Gender Similarities Characterize Math Performance}},
  Author                   = {Hyde, Janet S. and Lindberg, Sara M. and Linn, Marcia C. and Ellis, Amy B. and Williams, Caroline C.},
  Journal                  = {Science},
  Year                     = {2008},
  Number                   = {5888},
  Pages                    = {494--495},
  Volume                   = {321}
}

@Article{Jacobs2005,
  Title                    = {{Twenty-five years of research on gender and ethnic differences in math and science career choices: what have we learned?}},
  Author                   = {Jacobs, Janis E.},
  Journal                  = {New Dir. Child Adolesc. Dev.},
  Year                     = {2005},
  Number                   = {110},
  Pages                    = {85--94},
  Volume                   = {2005}
}

@Book{Jalalzai2013,
  Title                    = {{Shattered, Cracked, or Firmly Intact? Women and the Executive Glass Ceiling Worldwide}},
  Author                   = {Jalalzai, Farida},
  Publisher                = {Oxford University Press},
  Year                     = {2013}
}

@Article{Jehn1999,
  Title                    = {{Why Differences Make a Difference: A Field Study of Diversity, Conflict, and Performance in Workgroups}},
  Author                   = {Jehn, Karen A. and Northcraft, Gregory B. and Neale, Margaret A.},
  Journal                  = {Adm. Sci. Q.},
  Year                     = {1999},
  Number                   = {4},
  Pages                    = {741--763},
  Volume                   = {44}
}

@Article{Jin2007a,
  Title                    = {{The R- and AR-indices: Complementing the h-index}},
  Author                   = {Jin, BiHui and Liang, LiMing and Rousseau, Ronald and Egghe, Leo},
  Journal                  = {Chinese Sci. Bull.},
  Year                     = {2007},
  Number                   = {6},
  Pages                    = {855--863},
  Volume                   = {52}
}

@Article{Jones2008,
  Title                    = {{Multi-university research teams: Shifting impact, geography, and stratification in science}},
  Author                   = {Jones, Benjamin F. and Wuchty, Stefan and Uzzi, Brian},
  Journal                  = {Science},
  Year                     = {2008},
  Number                   = {5905},
  Pages                    = {1259--1262},
  Volume                   = {322}
}

@Article{Kummerli2007,
  Title                    = {{Human cooperation in social dilemmas: comparing the Snowdrift game with the Prisoner's Dilemma.}},
  Author                   = {K{\"{u}}mmerli, Rolf and Colliard, Caroline and Fiechter, Nicolas and Petitpierre, Blaise and Russier, Flavien and Keller, Laurent},
  Journal                  = {Proc. R. Soc. London B Biol. Sci.},
  Year                     = {2007},
  Number                   = {1628},
  Pages                    = {2965--2970},
  Volume                   = {274}
}

@Book{Katzenback2008,
  Title                    = {{The Wisdom of Teams.}},
  Author                   = {Katzenback, Jon R. and Smith, Douglas K.},
  Publisher                = {New York: Harper Business},
  Year                     = {2008}
}

@Article{Kaur2013,
  Title                    = {{Universality of scholarly impact metrics}},
  Author                   = {Kaur, Jasleen and Radicchi, Filippo and Menczer, Filippo},
  Journal                  = {J. Informetr.},
  Year                     = {2013},
  Number                   = {4},
  Pages                    = {924--932},
  Volume                   = {7}
}

@Article{Kegen2013,
  Title                    = {{Science Networks in Cutting-edge Research Institutions: Gender Homophily and Embeddedness in Formal and Informal Networks}},
  Author                   = {Kegen, Nadine V.},
  Journal                  = {Procedia - Soc. Behav. Sci.},
  Year                     = {2013},
  Pages                    = {62--81},
  Volume                   = {79}
}

@Article{King2004,
  Title                    = {{The scientific impact of nations}},
  Author                   = {King, David A.},
  Journal                  = {Nature},
  Year                     = {2004},
  Number                   = {6997},
  Pages                    = {311--316},
  Volume                   = {430}
}

@TechReport{Kostoff1997,
  Title                    = {{The Handbook of Research Impact Assessment (7th Ed.)}},
  Author                   = {Kostoff, Ronald N.},
  Institution              = {Office of Naval Research},
  Year                     = {1997},

  Address                  = {Arlington VA},

  Pages                    = {537}
}

@Article{Kwok2013,
  Title                    = {{Research impact: Altmetrics make their mark}},
  Author                   = {Kwok, Roberta},
  Journal                  = {Nature},
  Year                     = {2013},
  Number                   = {7463},
  Pages                    = {491--493},
  Volume                   = {500}
}

@Article{Kyvik1996,
  Title                    = {{Child Care, Research Collaboration, and Gender Differences in Scientific Productivity}},
  Author                   = {Kyvik, Svein and Teigen, Mari},
  Journal                  = {Sci. Technol. Hum. Values},
  Year                     = {1996},
  Number                   = {1},
  Pages                    = {54--71},
  Volume                   = {21}
}

@Article{Lancichinetti2015,
  Title                    = {{High-Reproducibility and High-Accuracy Method for Automated Topic Classification}},
  Author                   = {Lancichinetti, Andrea and Sirer, M. Irmak and Wang, Jane X. and Acuna, Daniel E. and K{\"{o}}rding, Konrad and Amaral, Lu{\'{i}}s A. Nunes},
  Journal                  = {Phys. Rev. X},
  Year                     = {2015},
  Number                   = {1},
  Pages                    = {011007},
  Volume                   = {5}
}

@Article{Lando2014,
  Title                    = {{A new bibliometric index based on the shape of the citation distribution.}},
  Author                   = {Lando, Tommaso and Bertoli-Barsotti, Lucio},
  Journal                  = {PLoS One},
  Year                     = {2014},
  Number                   = {12},
  Pages                    = {e115962},
  Volume                   = {9}
}

@Article{Lane2011,
  Title                    = {{Measuring the results of science investments}},
  Author                   = {Lane, Julia and Bertuzzi, Stefano},
  Journal                  = {Science},
  Year                     = {2011},
  Pages                    = {678--680},
  Volume                   = {331}
}

@Article{Lauzen1999,
  Title                    = {{The Role of Women on Screen and behind the Scenes in the Television and Film Industries: Review of a Program of Research}},
  Author                   = {Lauzen, Martha M. and Dozier, David M.},
  Journal                  = {J. Commun. Inq.},
  Year                     = {1999},
  Number                   = {4},
  Pages                    = {355--373},
  Volume                   = {23}
}

@TechReport{Leadley2009,
  Title                    = {{Women in U.S. Academic Medicine Statistics and Benchmarking Report}},
  Author                   = {Leadley, Jennifer},
  Institution              = {Association of American Medical Colleges},
  Year                     = {2009}
}

@Article{Lee2005,
  Title                    = {{The Impact of Research Collaboration on Scientific Productivity}},
  Author                   = {Lee, Sooho and Bozeman, Barry},
  Journal                  = {Soc. Stud. Sci.},
  Year                     = {2005},
  Number                   = {5},
  Pages                    = {673--702},
  Volume                   = {35}
}

@Article{Lehmann2006,
  Title                    = {{Measures for measures}},
  Author                   = {Lehmann, Sune and Jackson, Andrew D. and Lautrup, Benny E.},
  Journal                  = {Nature},
  Year                     = {2006},
  Number                   = {7122},
  Pages                    = {1003--1004},
  Volume                   = {444}
}

@Article{Letchford2015,
  Title                    = {{The advantage of short paper titles}},
  Author                   = {Letchford, Adrian and Moat, Helen Susannah and Preis, Tobias},
  Journal                  = {R. Soc. Open Sci.},
  Year                     = {2015},
  Number                   = {8},
  Pages                    = {150266},
  Volume                   = {2}
}

@Article{Levine2004,
  Title                    = {{Collaboration: The Social Context of Theory Development}},
  Author                   = {Levine, John M. and Moreland, Richard L.},
  Journal                  = {Personal. Soc. Psychol. Rev.},
  Year                     = {2004},
  Number                   = {2},
  Pages                    = {164--172},
  Volume                   = {8}
}

@Article{Lincoln2004,
  Title                    = {{Double jeopardy in Hollywood: Age and gender in the careers of film actors, 1926-1999}},
  Author                   = {Lincoln, Anne E. and Allen, Michael Patrick},
  Journal                  = {Sociol. Forum},
  Year                     = {2004},
  Number                   = {4},
  Pages                    = {611--631},
  Volume                   = {19}
}

@Article{Lutter2014,
  Title                    = {{Creative Success and Network Embeddedness: Explaining Critical Recognition of Film Directors in Hollywood, 1900--2010}},
  Author                   = {Lutter, Mark},
  Journal                  = {MPIfG Discuss. Pap. 14/11},
  Year                     = {2014}
}

@Article{Lutter2013,
  Title                    = {{Is There a Closure Penalty? Cohesive Network Structures, Diversity, and Gender Inequalities in Career Advancement}},
  Author                   = {Lutter, Mark},
  Journal                  = {MPIfG Discuss. Pap. 13/9},
  Year                     = {2013}
}

@Article{Macilwain2010,
  Title                    = {{What science is really worth}},
  Author                   = {Macilwain, Colin},
  Journal                  = {Nature},
  Year                     = {2010},
  Number                   = {June},
  Pages                    = {682--684},
  Volume                   = {465}
}

@Article{MacRoberts1989,
  Title                    = {{Problems of citation analysis: A critical review}},
  Author                   = {MacRoberts, Michael H. and MacRoberts, Barbara R},
  Journal                  = {J. Am. Soc. Inf. Sci.},
  Year                     = {1989},
  Number                   = {5},
  Pages                    = {342--349},
  Volume                   = {40}
}

@Book{Manly2006,
  Title                    = {{Randomization, bootstrap and Monte Carlo methods in biology}},
  Author                   = {Manly, Bryan F. J.},
  Publisher                = {Chapman and Hall/CRC},
  Year                     = {2006},
  Edition                  = {3rd}
}

@Book{Margolis2003,
  Title                    = {{Unlocking the Clubhouse: Women in Computing}},
  Author                   = {Margolis, Jane},
  Publisher                = {MIT Press},
  Year                     = {2003}
}

@Article{Mazloumian2012,
  Title                    = {{Predicting Scholars' Scientific Impact}},
  Author                   = {Mazloumian, Amin},
  Journal                  = {PLoS One},
  Year                     = {2012},
  Number                   = {11},
  Pages                    = {e49246},
  Volume                   = {7}
}

@Article{Mazloumian2013,
  Title                    = {{Global multi-level analysis of the 'scientific food web'.}},
  Author                   = {Mazloumian, Amin and Helbing, Dirk and Lozano, Sergi and Light, Robert P. and B{\"{o}}rner, Katy},
  Journal                  = {Sci. Rep.},
  Year                     = {2013},
  Pages                    = {1167},
  Volume                   = {3}
}

@Article{McDowell1992,
  Title                    = {{The effect of gender-sorting on propensity to coauthor: Implications for academic promotion}},
  Author                   = {McDowell, John M. and Smith, Janet Kiholm},
  Journal                  = {Econ. Inq.},
  Year                     = {1992},
  Number                   = {1},
  Pages                    = {68--82},
  Volume                   = {30}
}

@Article{Menges1983,
  Title                    = {{Barriers to the Progress of Women and Minority Faculty}},
  Author                   = {Menges, Robert J. and Exum, William H.},
  Journal                  = {J. Higher Educ.},
  Year                     = {1983},
  Number                   = {2},
  Pages                    = {123--144},
  Volume                   = {54}
}

@Article{Milojevic2014,
  Title                    = {{Principles of scientific research team formation and evolution.}},
  Author                   = {Milojevi{\'{c}}, Sta{\v{s}}a},
  Journal                  = {Proc. Natl. Acad. Sci.},
  Year                     = {2014},
  Number                   = {11},
  Pages                    = {3984--3989},
  Volume                   = {111}
}

@Article{Molinari2008,
  Title                    = {{Mathematical aspects of a new criterion for ranking scientific institutions based on the h-index}},
  Author                   = {Molinari, Alain and Molinari, Jean-Francois},
  Journal                  = {Scientometrics},
  Year                     = {2008},
  Number                   = {2},
  Pages                    = {339--356},
  Volume                   = {75}
}

@Book{Morantz-Sanchez1985,
  Title                    = {{Sympathy and Science: Women Physicians in American Medicine}},
  Author                   = {Morantz-Sanchez, Regina Markell},
  Publisher                = {Oxford University Press},
  Year                     = {1985}
}

@Misc{Moreira2017,
  Title                    = {{U.S. movies with gender-disambiguated actors, directors, and producers. figshare. doi:10.6084/m9.figshare.4967876.v1}},

  Author                   = {Moreira, Jo{\~{a}}o A. G. and Dunand, Murielle L. and Amaral, Lu{\'{i}}s A. Nunes},
  Year                     = {2017},

  Url                      = {https://doi.org/10.6084/m9.figshare.4967876.v1}
}

@Article{Moreira2015,
  Title                    = {{The distribution of the asymptotic number of citations to sets of publications by a researcher or from an academic department are consistent with a discrete lognormal model}},
  Author                   = {Moreira, Jo{\~{a}}o A. G. and Zeng, Xiao Han T. and Amaral, Lu{\'{i}}s A. Nunes},
  Journal                  = {PLoS One},
  Year                     = {2015},
  Number                   = {11},
  Pages                    = {1--17},
  Volume                   = {10}
}

@Article{Moss-Racusin2012,
  Title                    = {{Science faculty's subtle gender biases favor male students}},
  Author                   = {Moss-Racusin, Corinne A. and Dovidio, John F. and Brescoll, Victoria L. and Graham, Mark J. and Handelsman, Jo},
  Journal                  = {Proc. Natl. Acad. Sci.},
  Year                     = {2012},
  Number                   = {41},
  Pages                    = {16474--16479},
  Volume                   = {109}
}

@Article{Narayan2016,
  Title                    = {{Repeated Interactions and Improved Outcomes: An Empirical Analysis of Movie Production in the United States}},
  Author                   = {Narayan, Vishal and Kadiyali, Vrinda},
  Journal                  = {Manage. Sci.},
  Year                     = {2016},
  Number                   = {2},
  Pages                    = {591--607},
  Volume                   = {62}
}

@Article{Narin1996,
  Title                    = {{Bibliometric performance measures}},
  Author                   = {Narin, F. and Hamilton, Kimberly S.},
  Journal                  = {Scientometrics},
  Year                     = {1996},
  Number                   = {3},
  Pages                    = {293--310},
  Volume                   = {36}
}

@Article{Newman2004,
  Title                    = {{Coauthorship networks and patterns of scientific collaboration}},
  Author                   = {Newman, Mark E. J.},
  Journal                  = {Proc. Natl. Acad. Sci.},
  Year                     = {2004},
  Number                   = {Supplement 1},
  Pages                    = {5200--5205},
  Volume                   = {101}
}

@Article{Nicholas2014,
  Title                    = {{Trust and Authority in Scholarly Communications in the Light of the Digital Transition: setting the scene for a major study}},
  Author                   = {Nicholas, David and Watkinson, Anthony and Volentine, Rachel and Allard, Suzie and Levine, Kenneth and Tenopir, Carol and Herman, Eti},
  Journal                  = {Learn. Publ.},
  Year                     = {2014},
  Number                   = {2},
  Pages                    = {121--134},
  Volume                   = {27}
}

@Article{Nownes2012,
  Title                    = {{An Experimental Investigation of the Effects of Celebrity Support for Political Parties in the United States}},
  Author                   = {Nownes, Anthony J.},
  Journal                  = {Am. Polit. Res.},
  Year                     = {2012},
  Number                   = {3},
  Pages                    = {476--500},
  Volume                   = {40}
}

@Article{Penner2013,
  Title                    = {{On the Predictability of Future Impact in Science}},
  Author                   = {Penner, Orion and Pan, Raj K. and Petersen, Alexander M. and Kaski, Kimmo and Fortunato, Santo},
  Journal                  = {Sci. Rep.},
  Year                     = {2013},
  Pages                    = {3052},
  Volume                   = {3}
}

@Article{Petersen2014,
  Title                    = {{Reputation and impact in academic careers}},
  Author                   = {Petersen, Alexander M. and Fortunato, Santo and Pan, Raj K. and Kaski, Kimmo and Penner, Orion and Rungi, Armando and Riccaboni, Massimo and Stanley, H. Eugene and Pammolli, Fabio},
  Journal                  = {Proc. Natl. Acad. Sci.},
  Year                     = {2014},
  Number                   = {43},
  Pages                    = {15316--15321},
  Volume                   = {111}
}

@Article{Petersen2012,
  Title                    = {{Persistence and uncertainty in the academic career}},
  Author                   = {Petersen, Alexander M. and Riccaboni, Massimo and Stanley, H. Eugene and Pammolli, Fabio},
  Journal                  = {Proc. Natl. Acad. Sci.},
  Year                     = {2012},
  Number                   = {14},
  Pages                    = {5213--18},
  Volume                   = {109}
}

@Article{Petersen2011,
  Title                    = {{Statistical regularities in the rank-citation profile of scientists}},
  Author                   = {Petersen, Alexander M. and Stanley, H. Eugene and Succi, Sauro},
  Journal                  = {Sci. Rep.},
  Year                     = {2011},
  Pages                    = {181},
  Volume                   = {1}
}

@Article{Petersen2010,
  Title                    = {{Methods for measuring the citations and productivity of scientists across time and discipline}},
  Author                   = {Petersen, Alexander M. and Wang, Fengzhong and Stanley, H. Eugene},
  Journal                  = {Phys. Rev. E},
  Year                     = {2010},
  Number                   = {3},
  Pages                    = {036114},
  Volume                   = {81}
}

@Article{Pollman2000,
  Title                    = {{Forgetting and the ageing of scientific publications}},
  Author                   = {Pollman, Thijs},
  Journal                  = {Scientometrics},
  Year                     = {2000},
  Number                   = {1},
  Pages                    = {43--54},
  Volume                   = {47}
}

@Article{Priem2012,
  Title                    = {{Altmetrics in the wild: Using social media to explore scholarly impact}},
  Author                   = {Priem, Jason and Piwowar, Heather A. and Hemminger, Bradley M.},
  Journal                  = {arXiv12034745v1 csDL 20 Mar 2012},
  Year                     = {2012},
  Pages                    = {1--23},
  Volume                   = {1203.4745}
}

@Book{Raab2003,
  Title                    = {{CEO at Genentech, 1990-1995 : Oral History Transcript}},
  Author                   = {Raab, G. Kirk},
  Publisher                = {Bancroft Library, University of California, Berkeley},
  Year                     = {2003},

  Pages                    = {176}
}

@Article{Radicchi2012,
  Title                    = {{A Reverse Engineering Approach to the Suppression of Citation Biases Reveals Universal Properties of Citation Distributions}},
  Author                   = {Radicchi, Filippo and Castellano, Claudio},
  Journal                  = {PLoS One},
  Year                     = {2012},
  Number                   = {3},
  Pages                    = {e33833},
  Volume                   = {7}
}

@Article{Radicchi2008,
  Title                    = {{Universality of citation distributions: Toward an objective measure of scientific impact}},
  Author                   = {Radicchi, Filippo and Fortunato, Santo and Castellano, Claudio},
  Journal                  = {Proc. Natl. Acad. Sci.},
  Year                     = {2008},
  Number                   = {45},
  Pages                    = {17268--17272},
  Volume                   = {105}
}

@Article{Radicchi2009,
  Title                    = {{Diffusion of scientific credits and the ranking of scientists}},
  Author                   = {Radicchi, Filippo and Fortunato, Santo and Markines, Benjamin and Vespignani, Alessandro},
  Journal                  = {Phys. Rev. E},
  Year                     = {2009},
  Number                   = {5},
  Pages                    = {056103},
  Volume                   = {80}
}

@Article{Ravid1999,
  Title                    = {{Information, Blockbusters, and Stars: A Study of the Film Industry}},
  Author                   = {Ravid, S. Abraham},
  Journal                  = {J. Bus.},
  Year                     = {1999},
  Number                   = {4},
  Pages                    = {463--492},
  Volume                   = {72}
}

@Article{Redner2005,
  Title                    = {{Citation statistics from 110 years of physical review}},
  Author                   = {Redner, Sidney},
  Journal                  = {Phys. Today},
  Year                     = {2005},
  Number                   = {6},
  Pages                    = {49--54},
  Volume                   = {58}
}

@Article{Rosvall2008,
  Title                    = {{Maps of random walks on complex networks reveal community structure}},
  Author                   = {Rosvall, Martin and Bergstrom, Carl T.},
  Journal                  = {Proc. Natl. Acad. Sci.},
  Year                     = {2008},
  Number                   = {4},
  Pages                    = {1118--1123},
  Volume                   = {105}
}

@Article{Salganik2006,
  Title                    = {{Experimental Study of Inequality and Unpredictability in an Artificial Cultural Market}},
  Author                   = {Salganik, Matthew J. and Dodds, Peter Sheridan and Watts, Duncan J.},
  Journal                  = {Science},
  Year                     = {2006},
  Pages                    = {854--856},
  Volume                   = {311}
}

@Article{Schreiber2007,
  Title                    = {{Self-citation corrections for the Hirsch index}},
  Author                   = {Schreiber, Michael},
  Journal                  = {Europhys. Lett.},
  Year                     = {2007},
  Number                   = {3},
  Pages                    = {30002},
  Volume                   = {78}
}

@Article{Schubert2006,
  Title                    = {{Cross-national preference in co-authorship, references and citations}},
  Author                   = {Schubert, Andr{\'{a}}s and Gl{\"{a}}nzel, Wolfgang},
  Journal                  = {Scientometrics},
  Year                     = {2006},
  Number                   = {2},
  Pages                    = {409--428},
  Volume                   = {69}
}

@Book{Scott2005,
  Title                    = {{On Hollywood: The Place, the Industry}},
  Author                   = {Scott, Allen J.},
  Publisher                = {Princeton University Press},
  Year                     = {2005}
}

@Book{Scott1992,
  Title                    = {{Multivariate Density Estimation: Theory, Practice, and Visualization}},
  Author                   = {Scott, David W.},
  Publisher                = {John Wiley {\&} Sons},
  Year                     = {1992},

  Address                  = {New York}
}

@Article{Sheltzer2014,
  Title                    = {{Elite male faculty in the life sciences employ fewer women}},
  Author                   = {Sheltzer, Jason M. and Smith, Joan C.},
  Journal                  = {Proc. Natl. Acad. Sci.},
  Year                     = {2014},
  Number                   = {28},
  Pages                    = {10107--10112},
  Volume                   = {111}
}

@Article{Shockley1957,
  Title                    = {{On the Statistics of Individual Variations of Productivity in Research Laboratories}},
  Author                   = {Shockley, William},
  Journal                  = {Proc. IRE},
  Year                     = {1957},
  Number                   = {3},
  Pages                    = {279--290},
  Volume                   = {45}
}

@TechReport{Smith2014,
  Title                    = {{Gender Inequality in Popular Films: Examining On Screen Portrayals and Behind-the-Scenes Employment Patterns in Motion Pictures Released between 2007--2013}},
  Author                   = {Smith, Stacy L. and Choueiti, Marc and Pieper, Katherine},
  Institution              = {USC Annenberg},
  Year                     = {2014}
}

@TechReport{Smith2016,
  Title                    = {{Inclusion or Invisibility? Comprehensive Annenberg Report on Diversity in Entertainment}},
  Author                   = {Smith, Stacy L. and Choueiti, Marc and Pieper, Katherine and Case, Ariana and Tofan, Artur},
  Institution              = {USC Annenberg},
  Year                     = {2016},

  Pages                    = {27}
}

@TechReport{Smith2017,
  Title                    = {{Inclusion in the Director's Chair? Gender, Race, {\&} Age of Film Directors Across 1,000 Films from 2007-2016}},
  Author                   = {Smith, Stacy L. and Pieper, Katherine and Choueiti, Marc},
  Institution              = {USC Annenberg},
  Year                     = {2017},
  Number                   = {February}
}

@Article{Smith-Doerr2010,
  Title                    = {{Flexible Organizations, Innovation and Gender Equality: Writing for the US Film Industry, 1907–27}},
  Author                   = {Smith-Doerr, Laurel},
  Journal                  = {Ind. Innov.},
  Year                     = {2010},
  Number                   = {1},
  Pages                    = {5--22},
  Volume                   = {17}
}

@Misc{Sollosi2017,
  Title                    = {{13 Stars Who Spoke Out on the Gender Pay Gap}},

  Author                   = {Sollosi, Mary},
  Note                     = {Accessed June 30, 2017},
  Year                     = {2017},

  Url                      = {http://ew.com/movies/stars-gender-pay-gap/natalie-portman-no-strings-attached},
  Urldate                  = {2017-06-30}
}

@Article{Stallings2013,
  Title                    = {{Determining scientific impact using a collaboration index.}},
  Author                   = {Stallings, Jonathan and Vance, Eric and Yang, Jiansheng and Vannier, Michael W. and Liang, Jimin and Pang, Liaojun and Dai, Liang and Ye, Ivan and Wang, Ge},
  Journal                  = {Proc. Natl. Acad. Sci.},
  Year                     = {2013},
  Number                   = {24},
  Pages                    = {9680--5},
  Volume                   = {110}
}

@Book{Steinberg1980,
  Title                    = {{TV Facts}},
  Author                   = {Steinberg, Cobbett},
  Publisher                = {Facts on File, Inc},
  Year                     = {1980}
}

@Article{Stokols2008,
  Title                    = {{The Science of Team Science. Overview of the Field and Introduction to the Supplement}},
  Author                   = {Stokols, Daniel and Hall, Kara L. and Taylor, Brandie K. and Moser, Richard P.},
  Journal                  = {Am. J. Prev. Med.},
  Year                     = {2008},
  Number                   = {2 SUPPL.},
  Pages                    = {S77--89},
  Volume                   = {35}
}

@Article{Stringer2010,
  Title                    = {{Statistical validation of a global model for the distribution of the ultimate number of citations accrued by papers published in a scientific journal}},
  Author                   = {Stringer, Michael J. and Sales-Pardo, Marta and Amaral, Lu{\'{i}}s A. Nunes},
  Journal                  = {J. Am. Soc. Inf. Sci. Technol.},
  Year                     = {2010},
  Number                   = {7},
  Pages                    = {1377--1385},
  Volume                   = {61}
}

@Article{Stringer2008,
  Title                    = {{Effectiveness of Journal Ranking Schemes as a Tool for Locating Information}},
  Author                   = {Stringer, Michael J. and Sales-Pardo, Marta and Amaral, Lu{\'{i}}s A. Nunes},
  Journal                  = {PLoS One},
  Year                     = {2008},
  Number                   = {2},
  Pages                    = {e1683},
  Volume                   = {3}
}

@Misc{Sydell2014,
  Title                    = {{The Forgotten Female Programmers Who Created Modern Tech}},

  Author                   = {Sydell, Laura},
  Note                     = {Accessed April 4, 2017},
  Year                     = {2014},

  Url                      = {http://www.npr.org/sections/alltechconsidered/2014/10/06/345799830/the-forgotten-female-programmers-who-created-modern-tech},
  Urldate                  = {2017-04-24}
}

@Article{Uzzi2005,
  Title                    = {{Collaboration and creativity: The small world problem}},
  Author                   = {Uzzi, Brian and Spiro, Jarrett},
  Journal                  = {Am. J. Sociol.},
  Year                     = {2005},
  Number                   = {2},
  Pages                    = {447--504},
  Volume                   = {111}
}

@Article{VanNoorden2014,
  Title                    = {{The top 100 papers}},
  Author                   = {{Van Noorden}, Richard and Maher, Brendan and Nuzzo, Regina},
  Journal                  = {Nature},
  Year                     = {2014},
  Number                   = {7524},
  Pages                    = {550--553},
  Volume                   = {514}
}

@Article{VanRaan2006a,
  Title                    = {{Comparison of the Hirsch-index with standard bibliometric indicators and with peer judgment for 147 chemistry research groups}},
  Author                   = {{Van Raan}, Anthony F. J.},
  Journal                  = {Scientometrics},
  Year                     = {2006},
  Number                   = {3},
  Pages                    = {491--502},
  Volume                   = {67}
}

@Article{Vinkler2004,
  Title                    = {{Characterization of the impact of sets of scientific papers: The Garfield (impact) factor}},
  Author                   = {Vinkler, Peter},
  Journal                  = {J. Am. Soc. Inf. Sci. Technol.},
  Year                     = {2004},
  Number                   = {5},
  Pages                    = {431--435},
  Volume                   = {55}
}

@Article{Voyer1995,
  Title                    = {{Magnitude of sex differences in spatial abilities: a meta-analysis and consideration of critical variables}},
  Author                   = {Voyer, Daniel and Voyer, Susan and Bryden, M. P.},
  Journal                  = {Psychol. Bull.},
  Year                     = {1995},
  Number                   = {2},
  Pages                    = {250--270},
  Volume                   = {117}
}

@Article{Wuhr2017,
  Title                    = {{Tears or Fears? Comparing Gender Stereotypes about Movie Preferences to Actual Preferences}},
  Author                   = {W{\"{u}}hr, Peter and Lange, Benjamin P. and Schwarz, Sascha},
  Journal                  = {Front. Psychol.},
  Year                     = {2017},
  Number                   = {March},
  Pages                    = {428},
  Volume                   = {8}
}

@Article{Wang2013a,
  Title                    = {{Quantifying Long-Term Scientific Impact}},
  Author                   = {Wang, Dashun and Song, Chaoming and Barab{\'{a}}si, Albert-L{\'{a}}szl{\'{o}}},
  Journal                  = {Science},
  Year                     = {2013},
  Number                   = {6154},
  Pages                    = {127--132},
  Volume                   = {342}
}

@Article{Wanner1981,
  Title                    = {{Research Productivity in Academia: A Comparative Study of the Sciences, Social Sciences and Humanities}},
  Author                   = {Wanner, Richard A. and Lewis, Lionel S. and Gregorio, David I.},
  Journal                  = {Sociol. Educ.},
  Year                     = {1981},
  Number                   = {4},
  Pages                    = {238},
  Volume                   = {54}
}

@Article{Wasserman2015,
  Title                    = {{Cross-evaluation of metrics to estimate the significance of creative works}},
  Author                   = {Wasserman, Max and Zeng, Xiao Han T. and Amaral, Lu{\'{i}}s A. Nunes},
  Journal                  = {Proc. Natl. Acad. Sci.},
  Year                     = {2015},
  Number                   = {5},
  Pages                    = {1281--1286},
  Volume                   = {112}
}

@Article{Weingart2005a,
  Title                    = {{Impact of bibliometrics upon the science system: Inadvertent consequences?}},
  Author                   = {Weingart, Peter},
  Journal                  = {Scientometrics},
  Year                     = {2005},
  Number                   = {1},
  Pages                    = {117--131},
  Volume                   = {62}
}

@Article{West2010,
  Title                    = {{The Eigenfactor Metrics TM : A Network Approach to Assessing Scholarly Journals}},
  Author                   = {West, Jevin D. and Bergstrom, Theodore C. and Bergstrom, Carl T.},
  Journal                  = {Coll. Res. Libr.},
  Year                     = {2010},
  Number                   = {3},
  Pages                    = {236--244},
  Volume                   = {71}
}

@Article{West2013,
  Title                    = {{The Role of Gender in Scholarly Authorship}},
  Author                   = {West, Jevin D. and Jacquet, Jennifer and King, Molly M. and Correll, Shelley J. and Bergstrom, Carl T.},
  Journal                  = {PLoS One},
  Year                     = {2013},
  Number                   = {7},
  Pages                    = {e66212},
  Volume                   = {8}
}

@Article{Wilhite2012,
  Title                    = {{Coercive Citation in Academic Publishing}},
  Author                   = {Wilhite, Allen W. and Fong, Eric A.},
  Journal                  = {Science},
  Year                     = {2012},
  Number                   = {6068},
  Pages                    = {542--543},
  Volume                   = {335}
}

@Article{Wolfinger2008,
  Title                    = {{Problems in the Pipeline: Gender, Marriage, and Fertility in the Ivory Tower}},
  Author                   = {Wolfinger, Nicholas H.},
  Journal                  = {J. Higher Educ.},
  Year                     = {2008},
  Number                   = {4},
  Pages                    = {388--405},
  Volume                   = {79}
}

@Article{Wood1991,
  Title                    = {{Toward a Comprehensive Theory of Collaboration}},
  Author                   = {Wood, Donna J. and Gray, Barbara},
  Journal                  = {J. Appl. Behav. Sci.},
  Year                     = {1991},
  Number                   = {2},
  Pages                    = {139--162},
  Volume                   = {27}
}

@Article{Woolley2010,
  Title                    = {{Evidence for a collective intelligence factor in the performance of human groups.}},
  Author                   = {Woolley, Anita Williams and Chabris, Christopher F. and Pentland, Alex and Hashmi, Nada and Malone, Thomas W.},
  Journal                  = {Science},
  Year                     = {2010},
  Number                   = {2010},
  Pages                    = {686--688},
  Volume                   = {330}
}

@Article{Wuchty2007,
  Title                    = {{The Increasing Dominance of Teams in Production of Knowledge}},
  Author                   = {Wuchty, Stefan and Jones, Benjamin F. and Uzzi, Brian},
  Journal                  = {Science},
  Year                     = {2007},
  Number                   = {5827},
  Pages                    = {1036--1039},
  Volume                   = {316}
}

@Article{Xie1998,
  Title                    = {{Sex Differences in Research Productivity: New Evidence about an Old Puzzle}},
  Author                   = {Xie, Yu and Shauman, Kimberlee A.},
  Journal                  = {Am. Sociol. Rev.},
  Year                     = {1998},
  Number                   = {6},
  Pages                    = {847},
  Volume                   = {63}
}

@Article{Xu2015,
  Title                    = {{Introducing sub-impact factor (SIF-) sequences and an aggregated SIF-indicator for journal ranking}},
  Author                   = {Xu, Fang and Liu, Wenbin and Rousseau, Ronald},
  Journal                  = {Scientometrics},
  Year                     = {2015},
  Number                   = {2},
  Pages                    = {1577-1593},
  Volume                   = {102}
}

@Article{Yang2013,
  Title                    = {{A proposal for a novel impact factor as an alternative to the JCR impact factor}},
  Author                   = {Yang, Zu-Guo and Zhang, Chun-Ting},
  Journal                  = {Sci. Rep.},
  Year                     = {2013},
  Pages                    = {1--5},
  Volume                   = {3}
}

@Article{Yavchitz2012,
  Title                    = {{Misrepresentation of Randomized Controlled Trials in Press Releases and News Coverage: A Cohort Study}},
  Author                   = {Yavchitz, Am{\'{e}}lie and Boutron, Isabelle and Bafeta, Aida and Marroun, Ibrahim and Charles, Pierre and Mantz, Jean and Ravaud, Philippe},
  Journal                  = {PLoS Med.},
  Year                     = {2012},
  Number                   = {9},
  Pages                    = {e1001308},
  Volume                   = {9}
}

@Article{Zaichkowsky2014,
  Title                    = {{Women in the board room: one can make a difference.}},
  Author                   = {Zaichkowsky, Judith Lynne},
  Journal                  = {Int. J. Bus. Gov. Ethics},
  Year                     = {2014},
  Number                   = {1},
  Pages                    = {91},
  Volume                   = {9}
}

@Article{Zeng2016,
  Title                    = {{Differences in Collaboration Patterns across Discipline, Career Stage, and Gender}},
  Author                   = {Zeng, Xiao Han T. and Duch, Jordi and Sales-Pardo, Marta and Moreira, Jo{\~{a}}o A. G. and Radicchi, Filippo and Ribeiro, Haroldo V. and Woodruff, Teresa K. and Amaral, Lu{\'{i}}s A. Nunes},
  Journal                  = {PLoS Biol.},
  Year                     = {2016},
  Number                   = {11},
  Pages                    = {1--19},
  Volume                   = {14}
}

@Article{Zhang2013,
  Title                    = {{Characterizing scientific production and consumption in Physics}},
  Author                   = {Zhang, Qian and Perra, Nicola and Goncalves, Bruno and Ciulla, Fabio and Vespignani, Alessandro},
  Journal                  = {Sci. Rep.},
  Year                     = {2013},
  Pages                    = {1--9},
  Volume                   = {3}
}

@Article{Zuckerman2003,
  Title                    = {{Robust Identities or Nonentities? Typecasting in the Feature-Film Labor Market}},
  Author                   = {Zuckerman, Ezra W. and Kim, Tai-Young and Ukanwa, Kalinda and von Rittmann, James},
  Journal                  = {Am. J. Sociol.},
  Year                     = {2003},
  Number                   = {5},
  Pages                    = {1018--1073},
  Volume                   = {108}
}

@Misc{Gender2016,
  Title                    = {{Gender Guesser: Guess gender from first name in Python 2 and 3 (Version 0.4.0)}},
  Year                     = {2016},

  Url                      = {https://github.com/lead-ratings/gender-guesser}
}

@Misc{wiki,
  Title                    = {{List of research universities in the United States}},
  Note                     = {Accessed June 30, 2017},
  Year                     = {2015},

  Url                      = {https://en.wikipedia.org/w/index.php?title=List_of_research_universities_in_the_United_States&direction=next&oldid=659424554},
  Urldate                  = {2015-07-11}
}

@Misc{us_news_all,
  Title                    = {{U.S. News {\&} World Report: Best Colleges Rankings 2010 Edition}},
  Note                     = {Accessed July 12, 2017},
  Year                     = {2011},

  Url                      = {https://web.archive.org/web/20100512221918/http://colleges.usnews.rankingsandreviews.com/best-colleges/national-universities-rankings}
}

@Misc{us_news_chemeng,
  Title                    = {{U.S. News {\&} World Report: Best Graduate Schools in Chemical Engineering 2011 Edition}},
  Note                     = {Accessed July 12, 2017},
  Year                     = {2011},

  Url                      = {https://web.archive.org/web/20100914231426/http://grad-schools.usnews.rankingsandreviews.com/best-graduate-schools/top-engineering-schools/chemical-engineering}
}

@Misc{us_news_chemistry,
  Title                    = {{U.S. News {\&} World Report: Best Graduate Schools in Chemistry 2010 Edition}},
  Note                     = {Accessed July 12, 2017},
  Year                     = {2011},

  Url                      = {https://web.archive.org/web/20091001135906/http://grad-schools.usnews.rankingsandreviews.com/best-graduate-schools/top-chemistry-schools/rankings}
}

@Misc{us_news_ecology,
  Title                    = {{U.S. News {\&} World Report: Best Graduate Schools in Ecology 2010 Edition}},
  Note                     = {Accessed July 12, 2017},
  Year                     = {2011},

  Url                      = {https://web.archive.org/web/20090428035058/http://grad-schools.usnews.rankingsandreviews.com/best-graduate-schools/top-biological-sciences-programs/ecology}
}

@Misc{us_news_matscience,
  Title                    = {{U.S. News {\&} World Report: Best Graduate Schools in Material Engineering 2011 Edition}},
  Note                     = {Accessed July 12, 2017},
  Year                     = {2011},

  Url                      = {https://web.archive.org/web/20100915141756/http://grad-schools.usnews.rankingsandreviews.com/best-graduate-schools/top-engineering-schools/material-engineering}
}

@Misc{us_news_molbio,
  Title                    = {{U.S. News {\&} World Report: Best Graduate Schools in Molecular Biology 2010 Edition}},
  Note                     = {Accessed July 12, 2017},
  Year                     = {2011},

  Url                      = {https://web.archive.org/web/20090428035103/http://grad-schools.usnews.rankingsandreviews.com/best-graduate-schools/top-biological-sciences-programs/molecular-biology}
}

@Misc{us_news_psychology,
  Title                    = {{U.S. News {\&} World Report: Best Graduate Schools in Psychology 2010 Edition}},
  Note                     = {Accessed July 12, 2017},
  Year                     = {2011},

  Url                      = {https://web.archive.org/web/20100515154410/http://grad-schools.usnews.rankingsandreviews.com/best-graduate-schools/top-psychology-schools/rankings}
}

@Misc{US1948,
  Title                    = {{United States v. Paramount Pictures, Inc., 334 U.S. 131}},
  Year                     = {1948},

  Volume                   = {410}
}

@Misc{DeHaviland1944,
  Title                    = {{De Haviland v. Warner Bros. Pictures, 67 Cal.App.2d 225}},
  Year                     = {1944},

  Volume                   = {67}
}

