
@Article{	  immuno2010,
  author	= {Editorial},
  doi		= {10.1038/ni0810-645},
  journal	= {Nat. Immunol.},
  month		= {aug},
  number	= {8},
  pages		= {645--645},
  publisher	= {Nature Publishing Group},
  title		= {{Elements of a good decision}},
  volume	= {11},
  year		= {2010}
}

@Article{	  tontonoz1994,
  author	= {Tontonoz, Peter and Hu, Erding and Spiegelman, Bruce M},
  doi		= {10.1016/0092-8674(94)90006-X},
  journal	= {Cell},
  number	= {7},
  pages		= {1147--1156},
  title		= {{Stimulation of adipogenesis in fibroblasts by
		  PPAR$\gamma$2, a lipid-activated transcription factor}},
  volume	= {79},
  year		= {1994}
}

@Misc{		  mcadams1999,
  author	= {McAdams, Harley H. and Arkin, Adam},
  booktitle	= {Trends Genet.},
  doi		= {10.1016/S0168-9525(98)01659-X},
  number	= {2},
  pages		= {65--69},
  title		= {{It's a noisy business! Genetic regulation at the
		  nanomolar scale}},
  volume	= {15},
  year		= {1999}
}

@Article{	  savitzky1964,
  author	= {Savitzky, Abraham and Golay, Marcel J.E.},
  doi		= {10.1021/ac60214a047},
  journal	= {Anal. Chem.},
  number	= {8},
  pages		= {1627--1639},
  title		= {{Smoothing and Differentiation of Data by Simplified Least
		  Squares Procedures}},
  volume	= {36},
  year		= {1964}
}

@Book{		  fogler1987,
  archiveprefix	= {arXiv},
  arxivid	= {arXiv:1011.1669v3},
  author	= {Fogler, H. S.},
  booktitle	= {Chem. Eng. Sci.},
  doi		= {10.1016/0009-2509(87)80130-6},
  eprint	= {arXiv:1011.1669v3},
  publisher	= {Prentice Hall},
  title		= {{Elements of chemical reaction engineering}},
  year		= {1987}
}

@Misc{		  keller2013,
  author	= {Keller, Philipp J},
  booktitle	= {Science (80-. ).},
  doi		= {10.1126/science.1234168},
  month		= {jun},
  number	= {6137},
  pages		= {1234168},
  publisher	= {American Association for the Advancement of Science},
  title		= {{Imaging morphogenesis: Technological advances and
		  biological insights}},
  volume	= {340},
  year		= {2013}
}

@Article{	  jarosz2010,
  author	= {Jarosz, D F and Lindquist, S},
  doi		= {330/6012/1820 [pii] 10.1126/science.1195487},
  journal	= {Science (80-. ).},
  number	= {6012},
  pages		= {1820--1824},
  title		= {{Hsp90 and environmental stress transform the adaptive
		  value of natural genetic variation}},
  type		= {Journal Article},
  volume	= {330},
  year		= {2010}
}

@Article{	  benzinger2018,
  author	= {Benzinger, Dirk and Khammash, Mustafa},
  doi		= {10.1038/s41467-018-05882-2},
  journal	= {Nat. Commun.},
  month		= {dec},
  number	= {1},
  pages		= {3521},
  publisher	= {Nature Publishing Group},
  title		= {{Pulsatile inputs achieve tunable attenuation of gene
		  expression variability and graded multi-gene regulation}},
  volume	= {9},
  year		= {2018}
}

@Article{	  tomlinson1987a,
  author	= {Tomlinson, Andrew and Ready, Donald F.},
  doi		= {10.1016/0012-1606(87)90239-9},
  journal	= {Dev. Biol.},
  month		= {apr},
  number	= {2},
  pages		= {366--376},
  title		= {{Neuronal differentiation in the Drosophila ommatidium}},
  volume	= {120},
  year		= {1987}
}

@Article{	  hope2017,
  author	= {Hope, Matthew C. and Rebay, Ilaria and Reinitz, John},
  doi		= {10.1016/j.bpj.2016.11.901},
  journal	= {Biophys. J.},
  month		= {jan},
  number	= {1},
  pages		= {180--192},
  publisher	= {Cell Press},
  title		= {{DNA Occupancy of polymerizing transcription factors: A
		  chemical model of the ETS family factor Yan}},
  volume	= {112},
  year		= {2017}
}

@Article{	  evans2003,
  author	= {Evans, Rachel A. and Tian, Y. Chung and Steadman, Robert
		  and Phillips, Aled O.},
  doi		= {10.1016/S0014-4827(02)00015-0},
  journal	= {Exp. Cell Res.},
  month		= {jan},
  number	= {2},
  pages		= {90--100},
  publisher	= {Academic Press},
  title		= {{TGF-$\beta$1-mediated fibroblast-myofibroblast terminal
		  differentiation - The role of Smad proteins}},
  volume	= {282},
  year		= {2003}
}

@Article{	  fortini1992,
  author	= {Fortini, Mark E. and Simon, Michael A. and Rubin, Gerald
		  M.},
  doi		= {10.1038/355559a0},
  journal	= {Nature},
  pages		= {559--61},
  title		= {{Signalling by the sevenless protein tyrosine kinase is
		  mimicked by Ras1 activation}},
  volume	= {355},
  year		= {1992}
}

@Article{	  sæbøelarssen1998,
  author	= {S{\ae}b{\o}e-Larssen, Stein and Lyamouri, May and Merriam,
		  John and Oksvold, Morten P and Lambertsson, Andrew},
  doi		= {10.1073/PNAS.89.23.11302},
  journal	= {Genetics},
  number	= {3},
  pages		= {1215--1224},
  title		= {{Ribosomal protein insufficiency and the minute syndrome
		  in drosophila: A dose-response relationship}},
  volume	= {148},
  year		= {1998}
}

@Article{	  aghaeepour2013,
  author	= {Aghaeepour, Nima and Finak, Greg and Hoos, Holger and
		  Mosmann, Tim R and Brinkman, Ryan and Gottardo, Raphael and
		  Scheuermann, Richard H and Dougall, David and Khodabakhshi,
		  Alireza Hadj and Mah, Phillip and Obermoser, Gerlinde and
		  Spidlen, Josef and Taylor, Ian and Wuensch, Sherry A. and
		  Bramson, Jonathan and Eaves, Connie and Weng, Andrew P. and
		  Fortuno, Edgardo S. and Ho, Kevin and Kollmann, Tobias R.
		  and Rogers, Wade and {De Rosa}, Stephen and Dalai, Bakul
		  and Azad, Ariful and Pothen, Alex and Brandes, Aaron and
		  Bretschneider, Hannes and Bruggner, Robert and Finck,
		  Rachel and Jia, Robin and Zimmerman, Noah and Linderman,
		  Michael and Dill, David and Nolan, Gary and Chan, Cliburn
		  and Khettabi, Faysal El and O'Neill, Kieran and Chikina,
		  Maria and Ge, Yongchao and Sealfon, Stuart and Sug{\'{a}}r,
		  Istv{\'{a}}n and Gupta, Arvind and Shooshtari, Parisa and
		  Zare, Habil and {De Jager}, Philip L. and Jiang, Mike and
		  Keilwagen, Jens and Maisog, Jose M. and Luta, George and
		  Barbo, Andrea A. and M{\'{a}}jek, Peter and Vil{\v{c}}ek,
		  Jozef and Manninen, Tapio and Huttunen, Heikki and
		  Ruusuvuori, Pekka and Nykter, Matti and McLachlan, Geoffrey
		  J. and Wang, Kui and Naim, Iftekhar and Sharma, Gaurav and
		  Nikolic, Radina and Pyne, Saumyadipta and Qian, Yu and Qiu,
		  Peng and Quinn, John and Roth, Andrew and Meyer, Pablo and
		  Stolovitzky, Gustavo and Saez-Rodriguez, Julio and Norel,
		  Raquel and Bhattacharjee, Madhuchhanda and Biehl, Michael
		  and Bucher, Philipp and Bunte, Kerstin and {Di Camillo},
		  Barbara and Sambo, Francesco and Sanavia, Tiziana and
		  Trifoglio, Emanuele and Toffolo, Gianna and {Slavica
		  Dimitrieva}, S. D. and Dreos, Rene and Ambrosini, Giovanna
		  and Grau, Jan and Grosse, Ivo and Posch, Stefan and Guex,
		  Nicolas and Kursa, Miron and Rudnicki, Witold and Liu, Bo
		  and Maienschein-Cline, Mark and Schneider, Petra and
		  Seifert, Michael and Strickert, Marc and Vilar, Jose M.G.},
  doi		= {10.1038/NMETH.2365},
  journal	= {Nat. Methods},
  month		= {mar},
  number	= {3},
  pages		= {228--238},
  publisher	= {Nature Publishing Group},
  title		= {{Critical assessment of automated flow cytometry data
		  analysis techniques}},
  volume	= {10},
  year		= {2013}
}

@Misc{		  lee2013,
  author	= {Lee, Tong Ihn and Young, Richard A},
  booktitle	= {Cell},
  doi		= {10.1016/j.cell.2013.02.014},
  number	= {6},
  pages		= {1237--1251},
  title		= {{Transcriptional regulation and its misregulation in
		  disease}},
  volume	= {152},
  year		= {2013}
}

@Article{	  erclik2017,
  author	= {Erclik, Ted and Li, Xin and Courgeon, Maximilien and
		  Bertet, Claire and Chen, Zhenqing and Baumert, Ryan and Ng,
		  June and Koo, Clara and Arain, Urfa and Behnia, Rudy and
		  {Del Valle Rodriguez}, Alberto and Senderowicz, Lionel and
		  Negre, Nicolas and White, Kevin P. and Desplan, Claude},
  doi		= {10.1038/nature20794},
  journal	= {Nature},
  month		= {jan},
  number	= {7637},
  pages		= {365--370},
  publisher	= {Nature Publishing Group},
  title		= {{Integration of temporal and spatial patterning generates
		  neural diversity}},
  volume	= {541},
  year		= {2017}
}

@Article{	  freeman1996,
  author	= {Freeman, Matthew},
  doi		= {10.1016/S0092-8674(00)81385-9},
  journal	= {Cell},
  month		= {nov},
  pages		= {651--660},
  publisher	= {Cell Press},
  title		= {{Reiterative use of the EGF receptor triggers
		  differentiation of all cell types in the Drosophila eye}},
  volume	= {87},
  year		= {1996}
}

@Article{	  denby2012,
  author	= {Denby, Charles M and Im, Joo Hyun and Yu, Richard C and
		  Pesce, C. Gustavo and Brem, Rachel B},
  doi		= {10.1073/pnas.1116360109},
  journal	= {Proc. Natl. Acad. Sci.},
  number	= {10},
  pages		= {3874--3878},
  title		= {{Negative feedback confers mutational robustness in yeast
		  transcription factor regulation}},
  volume	= {109},
  year		= {2012}
}

@Article{	  katz1953,
  author	= {Katz, Leo},
  doi		= {10.1007/BF02289026},
  journal	= {Psychometrika},
  title		= {{A new status index derived from sociometric analysis}},
  year		= {1953}
}

@Article{	  neumann1996a,
  author	= {Neumann, Carl J and Cohen, Stephen M},
  journal	= {Genetics},
  number	= {4},
  pages		= {1147--1155},
  title		= {{Sternopleural is a regulatory mutation of wingless with
		  both dominant and recessive effects on larval development
		  of Drosophila melanogaster}},
  volume	= {142},
  year		= {1996}
}

@Book{		  atkinson1977,
  address	= {New York},
  author	= {Atkinson, D E},
  pages		= {293},
  publisher	= {Academic Press},
  title		= {{Cellular Energy Metabolism and Its Regulation}},
  type		= {Book},
  year		= {1977}
}

@Article{	  bush2016,
  author	= {Bush, Alan and Vasen, Gustavo and Constantinou, Andreas
		  and Dunayevich, Paula and Patop, In{\'{e}}s Luc{\'{i}}a and
		  Blaustein, Mat{\'{i}}as and Colman‐Lerner, Alejandro},
  doi		= {10.15252/msb.20166910},
  journal	= {Mol. Syst. Biol.},
  month		= {dec},
  pages		= {898},
  publisher	= {EMBO Press},
  title		= {{Yeast GPCR signaling reflects the fraction of occupied
		  receptors, not the number}},
  volume	= {12},
  year		= {2016}
}

@Article{	  ducy1997,
  author	= {Ducy, Patricia and Zhang, Rui and Geoffroy, Val{\'{e}}rie
		  and Ridall, Amy L. and Karsenty, G{\'{e}}rard},
  doi		= {10.1016/S0092-8674(00)80257-3},
  journal	= {Cell},
  month		= {may},
  number	= {5},
  pages		= {747--754},
  publisher	= {Cell Press},
  title		= {{Osf2/Cbfa1: a transcriptional activator of osteoblast
		  differentiation}},
  volume	= {89},
  year		= {1997}
}

@Article{	  whitehead2003,
  author	= {Whitehead, Colin C and Fleming, Robert H and Julian,
		  Richard J and S{\o}rensen, P},
  journal	= {Poult. Genet. Breed. Biotechnol.},
  pages		= {29--52},
  title		= {{Skeletal problems associated with selection for increased
		  production}},
  type		= {Journal Article},
  year		= {2003}
}

@Article{	  cassidy2013,
  author	= {Cassidy, Justin J and Jha, Aashish R and Posadas, Diana M
		  and Giri, Ritika and Venken, Koen J T and Ji, Jingran and
		  Jiang, Hongmei and Bellen, Hugo J and White, Kevin P and
		  Carthew, Richard W},
  doi		= {10.1016/j.cell.2013.10.057},
  journal	= {Cell},
  number	= {7},
  pages		= {1556--1567},
  title		= {{MiR-9a minimizes the phenotypic impact of genomic
		  diversity by buffering a transcription factor}},
  type		= {Journal Article},
  volume	= {155},
  year		= {2013}
}

@Article{	  langmead2012,
  archiveprefix	= {arXiv},
  arxivid	= {{\#}14603},
  author	= {Langmead, Ben and Salzberg, Steven L},
  doi		= {10.1038/nmeth.1923},
  eprint	= {{\#}14603},
  journal	= {Nat. Methods},
  month		= {apr},
  number	= {4},
  pages		= {357--9},
  publisher	= {Nature Publishing Group},
  title		= {{Fast gapped-read alignment with Bowtie 2.}},
  volume	= {9},
  year		= {2012}
}

@Article{	  bacia2012,
  author	= {Bacia, Kirsten and Petr{\'{a}}{\v{s}}ek, Zden{\v{e}}k and
		  Schwille, Petra},
  doi		= {10.1002/cphc.201100801},
  journal	= {ChemPhysChem},
  month		= {apr},
  number	= {5},
  pages		= {1221--1231},
  publisher	= {John Wiley {\&} Sons, Ltd},
  title		= {{Correcting for spectral cross-talk in dual-color
		  fluorescence cross-correlation spectroscopy}},
  volume	= {13},
  year		= {2012}
}

@Article{	  moss2007,
  author	= {Moss, Eric G},
  journal	= {Curr. Biol.},
  number	= {11},
  pages		= {R425--R434},
  title		= {{Heterochronic genes and the nature of developmental
		  time}},
  type		= {Journal Article},
  volume	= {17},
  year		= {2007}
}

@Article{	  zinchuk2007,
  author	= {Zinchuk, Vadim and Zinchuk, Olga and Okada, Teruhiko},
  doi		= {10.1267/ahc.07002},
  journal	= {Acta Histochem. Cytochem.},
  number	= {4},
  pages		= {101--111},
  publisher	= {JAPAN SOCIETY OF HISTOCHEMISTRY AND CYTOCHEMISTRY},
  title		= {{Quantitative Colocalization Analysis of Multicolor
		  Confocal Immunofluorescence Microscopy Images: Pushing
		  Pixels to Explore Biological Phenomena}},
  volume	= {40},
  year		= {2007}
}

@Article{	  scholz1993,
  author	= {Scholz, H. and Deatrick, J and Klaes, A and Kl{\"{a}}mbt,
		  C},
  journal	= {Genetics},
  number	= {2},
  pages		= {455--468},
  title		= {{Genetic disection of pointed, a Drosophila gene encoding
		  two ETS-related proteins}},
  volume	= {135},
  year		= {1993}
}

@Article{	  siegal2002,
  author	= {Siegal, Mark L and Bergman, Aviv},
  doi		= {10.1073/pnas.102303999},
  journal	= {Proc. Natl. Acad. Sci. U. S. A.},
  pages		= {10528--10532},
  title		= {{Waddington's canalization revisited: developmental
		  stability and evolution.}},
  volume	= {99},
  year		= {2002}
}

@Article{	  baker1997,
  author	= {Baker, Nicholas E. and Yu, Sung-Yun},
  doi		= {10.1016/S0960-9822(06)00056-X},
  journal	= {Curr. Biol.},
  month		= {feb},
  pages		= {122--132},
  publisher	= {Cell Press},
  title		= {{Proneural function of neurogenic genes in the developing
		  Drosophila eye}},
  volume	= {7},
  year		= {1997}
}

@Article{	  frankfort2002a,
  author	= {Frankfort, Benjamin Jay and Mardon, Graeme},
  journal	= {Development},
  number	= {6},
  pages		= {1295--306},
  title		= {{R8 development in the Drosophila eye: a paradigm for
		  neural selection and differentiation.}},
  volume	= {129},
  year		= {2002}
}

@Article{	  siegal2014,
  archiveprefix	= {arXiv},
  arxivid	= {15334406},
  author	= {Siegal, Mark L and Leu, Jun-Yi},
  doi		= {10.1146/annurev-ecolsys-120213-091705},
  eprint	= {15334406},
  journal	= {Annu. Rev. Ecol. Evol. Syst.},
  pages		= {495--517},
  title		= {{On the Nature and Evolutionary Impact of Phenotypic
		  Robustness Mechanisms}},
  volume	= {45},
  year		= {2014}
}

@Article{	  wolff1991,
  author	= {Wolff, T. and Ready, Donalf F.},
  doi		= {8223268},
  journal	= {Development},
  number	= {3},
  pages		= {825--839},
  title		= {{Cell death in normal and rough eye mutants of
		  Drosophila.}},
  volume	= {113},
  year		= {1991}
}

@Article{	  foe1989,
  author	= {Foe, V E},
  journal	= {Development},
  number	= {1},
  pages		= {1--22},
  title		= {{Mitotic domains reveal early commitment of cells in
		  Drosophila embryos}},
  type		= {Journal Article},
  volume	= {107},
  year		= {1989}
}

@Article{	  nusslein-volhard1980,
  author	= {N{\"{u}}sslein-volhard, Christiane and Wieschaus, Eric},
  doi		= {10.1038/287795a0},
  journal	= {Nature},
  month		= {oct},
  number	= {5785},
  pages		= {795--801},
  publisher	= {Nature Publishing Group},
  title		= {{Mutations affecting segment number and polarity in
		  drosophila}},
  volume	= {287},
  year		= {1980}
}

@Article{	  fortini1993,
  author	= {Fortini, Mark E. and Rebay, Ilaria and Caron, Laurent A.
		  and Artavanis-Tsakonas, Spyros},
  doi		= {10.1038/365555a0},
  journal	= {Nature},
  month		= {oct},
  pages		= {555--557},
  publisher	= {Nature Publishing Group},
  title		= {{An activated Notch receptor blocks cell-fate commitment
		  in the developing Drosophila eye}},
  volume	= {365},
  year		= {1993}
}

@Misc{		  stelling2004,
  author	= {Stelling, J{\"{o}}rg and Sauer, Uwe and Szallasi, Zoltan
		  and Doyle, Francis J. and Doyle, John},
  booktitle	= {Cell},
  doi		= {10.1016/j.cell.2004.09.008},
  month		= {sep},
  number	= {6},
  pages		= {675--685},
  publisher	= {Cell Press},
  title		= {{Robustness of cellular functions}},
  volume	= {118},
  year		= {2004}
}

@Misc{		  herring2018,
  author	= {Herring, Charles A. and Chen, Bob and McKinley, Eliot T.
		  and Lau, Ken S.},
  booktitle	= {CMGH},
  doi		= {10.1016/j.jcmgh.2018.01.023},
  month		= {jan},
  number	= {4},
  pages		= {539--548},
  publisher	= {Elsevier},
  title		= {{Single-Cell Computational Strategies for Lineage
		  Reconstruction in Tissue Systems}},
  volume	= {5},
  year		= {2018}
}

@Article{	  cepko2014,
  author	= {Cepko, C},
  doi		= {10.1038/nrn3767 nrn3767 [pii]},
  journal	= {Nat Rev Neurosci},
  number	= {9},
  pages		= {615--627},
  title		= {{Intrinsically different retinal progenitor cells produce
		  specific types of progeny}},
  type		= {Journal Article},
  volume	= {15},
  year		= {2014}
}

@Article{	  rendel1959,
  author	= {Rendel, J M},
  doi		= {10.1111/j.1558-5646.1959.tb03033.x},
  journal	= {Evolution (N. Y).},
  pages		= {425--439},
  title		= {{Canalisation of the scute phenotype of Drosophila}},
  volume	= {13},
  year		= {1959}
}

@Article{	  wang2007,
  author	= {Wang, Wei and Warren, Madhuri and Bradley, Allan},
  doi		= {10.1073/pnas.0607953104},
  journal	= {Proc. Natl. Acad. Sci.},
  month		= {mar},
  number	= {11},
  pages		= {4501--4505},
  publisher	= {National Academy of Sciences},
  title		= {{Induced mitotic recombination of p53 in vivo}},
  volume	= {104},
  year		= {2007}
}

@InProceedings{	  vanderplas2012,
  archiveprefix	= {arXiv},
  arxivid	= {1411.5039},
  author	= {VanderPlas, Jacob and Connolly, Andrew J. and Ivezic,
		  Zeljko and Gray, Alex},
  booktitle	= {Proc. - CIDU 2012},
  doi		= {10.1109/CIDU.2012.6382200},
  eprint	= {1411.5039},
  pages		= {47--54},
  title		= {{Introduction to astroML: Machine learning for
		  astrophysics}},
  year		= {2012}
}

@Article{	  adler2018,
  author	= {Adler, Miri and Alon, Uri},
  doi		= {10.1016/j.coisb.2017.12.005},
  journal	= {Curr. Opin. Syst. Biol.},
  month		= {apr},
  pages		= {81--89},
  publisher	= {Elsevier},
  title		= {{Fold-change detection in biological systems}},
  volume	= {8},
  year		= {2018}
}

@Article{	  kohwi2013,
  author	= {Kohwi, M and Doe, C Q},
  journal	= {Nat Rev Neurosci},
  number	= {12},
  pages		= {823--838},
  title		= {{Temporal fate specification and neural progenitor
		  competence during development}},
  type		= {Journal Article},
  volume	= {14},
  year		= {2013}
}

@Book{		  milo2016,
  address	= {New York, NY},
  author	= {Milo, R and Phillips, R},
  pages		= {345},
  publisher	= {Garland Science},
  title		= {{Cell Biology by the Numbers}},
  type		= {Book},
  year		= {2016}
}

@Article{	  bergman2003,
  author	= {Bergman, Aviv and Siegal, Mark L.},
  doi		= {10.1038/nature01765},
  journal	= {Nature},
  number	= {6948},
  pages		= {549--552},
  title		= {{Evolutionary capacitance as a general feature of complex
		  gene networks}},
  volume	= {424},
  year		= {2003}
}

@Article{	  wong1995,
  author	= {Wong, A and Boutis, P and Hekimi, S},
  journal	= {Genetics},
  number	= {3},
  pages		= {1247--1259},
  title		= {{Mutations in the clk-1 gene of Caenorhabditis elegans
		  affect developmental and behavioral timing}},
  type		= {Journal Article},
  volume	= {139},
  year		= {1995}
}

@Misc{		  artavanis-tsakonas1991,
  author	= {Artavanis-Tsakonas, Spyros and Simpson, Pat},
  booktitle	= {Trends Genet.},
  doi		= {10.1016/0168-9525(91)90264-Q},
  month		= {nov},
  number	= {11-12},
  pages		= {403--408},
  publisher	= {Elsevier Current Trends},
  title		= {{Choosing a cell fate: a view from the Notch locus}},
  volume	= {7},
  year		= {1991}
}

@Article{	  marygold2007,
  author	= {Marygold, S J and Roote, J and Reuter, G and Lambertsson,
		  A and Ashburner, M and Millburn, G H and Harrison, P M and
		  Yu, Z and Kenmochi, N and Kaufman, T C and Leevers, S J and
		  Cook, K R},
  doi		= {gb-2007-8-10-r216 [pii] 10.1186/gb-2007-8-10-r216},
  journal	= {Genome Biol},
  number	= {10},
  pages		= {R216},
  title		= {{The ribosomal protein genes and Minute loci of Drosophila
		  melanogaster}},
  type		= {Journal Article},
  volume	= {8},
  year		= {2007}
}

@Article{	  wu2007,
  author	= {Wu, Joy S and Luo, Liqun},
  doi		= {10.1038/nprot.2006.320},
  journal	= {Nat. Protoc.},
  month		= {jan},
  number	= {6},
  pages		= {2583--2589},
  title		= {{A protocol for mosaic analysis with a repressible cell
		  marker (MARCM) in Drosophila}},
  volume	= {1},
  year		= {2007}
}

@Article{	  graham2010,
  author	= {Graham, Thomas G. W. and Tabei, S. M. Ali and Dinner,
		  Aaron R. and Rebay, Ilaria},
  doi		= {10.1242/dev.044826},
  journal	= {Development},
  month		= {jul},
  number	= {14},
  pages		= {2265--78},
  title		= {{Modeling bistable cell-fate choices in the Drosophila
		  eye: qualitative and quantitative perspectives}},
  volume	= {137},
  year		= {2010}
}

@Article{	  pelaez2015a,
  author	= {Pel{\'{a}}ez, Nicol{\'{a}}s and Gavalda-Miralles, Arnau
		  and Wang, Bao and Navarro, Heliodoro Tejedor and Gudjonson,
		  Herman and Rebay, Ilaria and Dinner, Aaron R. and
		  Katsaggelos, Aggelos K. and Amaral, Lu{\'{i}}s A. Nunes and
		  Carthew, Richard W.},
  doi		= {10.7554/eLife.08924},
  journal	= {Elife},
  month		= {nov},
  publisher	= {eLife Sciences Publications Limited},
  title		= {{Dynamics and heterogeneity of a fate determinant during
		  transition towards cell differentiation}},
  volume	= {4},
  year		= {2015}
}

@Article{	  waddington1942,
  archiveprefix	= {arXiv},
  arxivid	= {NIHMS150003},
  author	= {Waddington, CH H},
  doi		= {10.1038/150563a0},
  eprint	= {NIHMS150003},
  journal	= {Nature},
  number	= {3811},
  pages		= {563--565},
  title		= {{Canalization of Development and the Inheritance of
		  Acquired Characters}},
  volume	= {150},
  year		= {1942}
}

@Article{	  lohmann2002,
  author	= {Lohmann, I and McGinnis, N and Bodmer, M and McGinnis, W},
  doi		= {S0092867402008711 [pii]},
  journal	= {Cell},
  number	= {4},
  pages		= {457--466},
  title		= {{The Drosophila Hox gene deformed sculpts head morphology
		  via direct regulation of the apoptosis activator reaper}},
  type		= {Journal Article},
  volume	= {110},
  year		= {2002}
}

@Article{	  kumar1998,
  author	= {Kumar, Justin P. and Tio, Murni and Hsiung, Frank and
		  Akopyan, Sevak and Gabay, Limor and Seger, Rony and Shilo,
		  Ben-Zion and Moses, Kevin},
  journal	= {Development},
  number	= {19},
  pages		= {3875--3885},
  title		= {{Dissecting the roles of the Drosophila EGF receptor in
		  eye development and MAP kinase activation.}},
  volume	= {125},
  year		= {1998}
}

@Article{	  yu2008a,
  author	= {Yu, Richard C and Pesce, C Gustavo and Colman-Lerner,
		  Alejandro and Lok, Larry and Pincus, David and Serra,
		  Eduard and Holl, Mark and Benjamin, Kirsten and Gordon,
		  Andrew and Brent, Roger},
  doi		= {10.1038/nature07513},
  journal	= {Nature},
  number	= {7223},
  pages		= {755--61},
  title		= {{Negative feedback that improves information transmission
		  in yeast signalling.}},
  volume	= {456},
  year		= {2008}
}

@Article{	  eldar2002,
  author	= {Eldar, Avigdor and Dorfman, Ruslan and Weiss, Daniel and
		  Ashe, Hilary and Shilo, Ben-Zion and Barkai, Naama},
  doi		= {10.1038/nature01061},
  journal	= {Nature},
  number	= {September},
  pages		= {304--308},
  title		= {{Robustness of the BMP morphogen gradient in Drosophila
		  embryonic patterning.}},
  volume	= {419},
  year		= {2002}
}

@Article{	  nitta2015,
  archiveprefix	= {arXiv},
  arxivid	= {arXiv:cond-mat/0402594v3},
  author	= {Nitta, Kazuhiro R. and Jolma, Arttu and Yin, Yimeng and
		  Morgunova, Ekaterina and Kivioja, Teemu and Akhtar, Junaid
		  and Hens, Korneel and Toivonen, Jarkko and Deplancke, Bart
		  and Furlong, Eileen E.M. and Taipale, Jussi},
  doi		= {10.7554/eLife.04837},
  eprint	= {0402594v3},
  journal	= {Elife},
  primaryclass	= {arXiv:cond-mat},
  title		= {{Conservation of transcription factor binding
		  specificities across 600 million years of bilateria
		  evolution}},
  volume	= {4},
  year		= {2015}
}

@Article{	  sang1963,
  author	= {Sang, J H and Burnet, B},
  journal	= {Genetics},
  pages		= {1683--1699},
  title		= {{Environmental Modification of the Eyeless Phenotype in
		  Drosophila Melanogaster}},
  type		= {Journal Article},
  volume	= {48},
  year		= {1963}
}

@Article{	  shivanandan2013,
  author	= {Shivanandan, Arun and Radenovic, Aleksandra and
		  Sbalzarini, Ivo F},
  doi		= {10.1186/1471-2105-14-349},
  journal	= {BMC Bioinformatics},
  month		= {dec},
  number	= {1},
  pages		= {349},
  publisher	= {BioMed Central},
  title		= {{MosaicIA: An ImageJ/Fiji plugin for spatial pattern and
		  interaction analysis}},
  volume	= {14},
  year		= {2013}
}

@InCollection{	  enomoto2018,
  author	= {Enomoto, Masato and Siow, Carmen and Igaki, Tatsushi},
  booktitle	= {Adv. Exp. Med. Biol.},
  doi		= {10.1007/978-981-13-0529-0_10},
  pages		= {173--194},
  publisher	= {Springer, Singapore},
  title		= {{Drosophila as a cancer model.}},
  volume	= {1076},
  year		= {2018}
}

@Article{	  rebay1995,
  author	= {Rebay, Ilaria and Rubin, Gerald M.},
  journal	= {Cell},
  pages		= {857--866},
  title		= {{Yan functions as a general inhibitor of differentiation
		  and is negatively regulated by activation of the Ras1/MAPK
		  pathway}},
  volume	= {81},
  year		= {1995}
}

@Article{	  ebert2012,
  archiveprefix	= {arXiv},
  arxivid	= {NIHMS150003},
  author	= {Ebert, Margaret S. and Sharp, Phillip A.},
  doi		= {S0092-8674(12)00464-3 [pii] 10.1016/j.cell.2012.04.005},
  eprint	= {NIHMS150003},
  journal	= {Cell},
  number	= {3},
  pages		= {515--524},
  title		= {{Roles for microRNAs in conferring robustness to
		  biological processes}},
  type		= {Journal Article},
  volume	= {149},
  year		= {2012}
}

@Article{	  furusawa2005,
  archiveprefix	= {arXiv},
  arxivid	= {q-bio/0503040},
  author	= {Furusawa, Chikara and Suzuki, Takao and Kashiwagi, Akiko
		  and Yomo, Tetsuya and Kaneko, Kunihiko},
  doi		= {10.2142/biophysics.1.25},
  eprint	= {0503040},
  journal	= {Biophysics (Oxf).},
  pages		= {25--31},
  primaryclass	= {q-bio},
  publisher	= {The Biophysical Society of Japan},
  title		= {{Ubiquity of Log-normal Distributions in Intra-cellular
		  Reaction Dynamics}},
  volume	= {1},
  year		= {2005}
}

@Book{		  morgan1915,
  address	= {New York},
  author	= {Morgan, T H},
  publisher	= {Holt},
  title		= {{The mechanism of Mendelian heredity}},
  type		= {Book},
  year		= {1915}
}

@Article{	  yu2010,
  author	= {Yu, Hung Hsiang and Kao, Chih Fei and He, Yisheng and
		  Ding, Peng and Kao, Jui Chun and Lee, Tzumin},
  doi		= {10.1371/journal.pbio.1000461},
  editor	= {Bellen, Hugo J.},
  journal	= {PLoS Biol.},
  month		= {aug},
  number	= {8},
  pages		= {39--40},
  publisher	= {Public Library of Science},
  title		= {{A complete developmental sequence of a Drosophila
		  neuronal lineage as revealed by twin-spot MARCM}},
  volume	= {8},
  year		= {2010}
}

@Article{	  lynch2007,
  author	= {Lynch, Michael},
  doi		= {10.1038/nrg2192},
  journal	= {Nat. Rev. Genet.},
  number	= {10},
  pages		= {803--13},
  title		= {{The evolution of genetic networks by non-adaptive
		  processes.}},
  volume	= {8},
  year		= {2007}
}

@Article{	  hadjieconomou2011,
  author	= {Hadjieconomou, Dafni and Rotkopf, Shay and Alexandre,
		  Cyrille and Bell, Donald M and Dickson, Barry J and
		  Salecker, Iris},
  doi		= {10.1038/nmeth.1567},
  journal	= {Nat. Methods},
  month		= {mar},
  number	= {3},
  pages		= {260--266},
  publisher	= {Nature Publishing Group},
  title		= {{Flybow: Genetic multicolor cell labeling for neural
		  circuit analysis in Drosophila melanogaster}},
  volume	= {8},
  year		= {2011}
}

@Article{	  voas2004,
  author	= {Voas, Matthew G. and Rebay, Ilaria},
  doi		= {10.1002/dvdy.10449},
  journal	= {Dev Dyn},
  month		= {jan},
  number	= {1},
  pages		= {162--175},
  publisher	= {Wiley-Blackwell},
  title		= {{Signal integration during development: insights from the
		  Drosophila eye}},
  type		= {Journal Article},
  volume	= {229},
  year		= {2004}
}

@InCollection{	  nagaraj2002,
  author	= {Nagaraj, Raghavendra and Canon, Jude and Banerjee, Utpal},
  booktitle	= {Results Probl. Cell Differ. Vol. 37},
  doi		= {10.1007/978-3-540-45398-7_6},
  pages		= {73--88},
  publisher	= {Springer, Berlin, Heidelberg},
  title		= {{Cell fate specification in the Drosophila eye}},
  year		= {2002}
}

@Article{	  poullet2016,
  author	= {Poullet, N and Vielle, A and Gimond, C and Carvalho, S and
		  Teotonio, H and Braendle, C},
  doi		= {10.1111/evo.13032},
  journal	= {Evolution (N. Y).},
  number	= {10},
  pages		= {2357--2369},
  title		= {{Complex heterochrony underlies the evolution of
		  Caenorhabditis elegans hermaphrodite sex allocation}},
  type		= {Journal Article},
  volume	= {70},
  year		= {2016}
}

@Article{	  qiao2004,
  author	= {Qiao, Feng and Song, Haiyun and Kim, Chongwoo A. and
		  Sawaya, Michael R. and Hunter, Jacob B. and Gingery, Mari
		  and Rebay, Ilaria and Courey, Albert J. and Bowie, James
		  U.},
  doi		= {10.1016/j.cell.2004.07.010},
  journal	= {Cell},
  month		= {jul},
  pages		= {163--173},
  publisher	= {Cell Press},
  title		= {{Derepression by depolymerization: Structural insights
		  into the regulation of Yan by Mae}},
  volume	= {118},
  year		= {2004}
}

@InCollection{	  wolff1993,
  address	= {Plainview, NY},
  author	= {Wolff, Tanya and Ready, Donald F.},
  booktitle	= {Dev. Drosoph. Melanogaster Vol. 2},
  editor	= {Bate, M. and Martinez-Arias, A.},
  pages		= {1277--1325},
  publisher	= {Cold Spring Harbor Press},
  title		= {{Pattern formation in the Drosophila retina}},
  year		= {1993}
}

@Article{	  wagner2003,
  author	= {Wagner, Andreas},
  doi		= {10.1098/rspb.2002.2269},
  journal	= {Proc. Biol. Sci.},
  number	= {1514},
  pages		= {457--66},
  title		= {{How the global structure of protein interaction networks
		  evolves.}},
  volume	= {270},
  year		= {2003}
}

@Article{	  vandoren1994,
  author	= {{Van Doren}, Mark and Bailey, Adina M and Esnayra, Joan
		  and Ede, Kekoa and Posakony, James W.},
  doi		= {10.1101/gad.8.22.2729},
  journal	= {Genes Dev.},
  number	= {22},
  pages		= {2729--2742},
  title		= {{Negative regulation of proneural gene activity: Hairy is
		  a direct transcriptional repressor of achaete}},
  volume	= {8},
  year		= {1994}
}

@Article{	  gabay1996,
  author	= {Gabay, Limor and Scholz, Henrike and Golembo, Myriam and
		  Klaes, Andrea and Shilo, Ben-Zion and Klambt, Christian},
  journal	= {Development},
  pages		= {3355--3362},
  title		= {{EGF receptor signaling induces pointed P1 transcription
		  and inactivates Yan protein in the Drosophila embryonic
		  ventral ectoderm}},
  volume	= {122},
  year		= {1996}
}

@Misc{		  beira2016,
  author	= {Beira, Jorge V. and Paro, Renato},
  booktitle	= {Chromosoma},
  doi		= {10.1007/s00412-016-0595-4},
  month		= {sep},
  number	= {4},
  pages		= {573--592},
  publisher	= {Springer Berlin Heidelberg},
  title		= {{The legacy of Drosophila imaginal discs}},
  volume	= {125},
  year		= {2016}
}

@Article{	  visscher2016,
  author	= {Visscher, Marieke and {De Henau}, Sasha and Wildschut,
		  Mattheus H.E. and van Es, Robert M. and Dhondt, Ineke and
		  Michels, Helen and Kemmeren, Patrick and Nollen, Ellen A.
		  and Braeckman, Bart P. and Burgering, Boudewijn M.T. and
		  Vos, Harmjan R. and Dansen, Tobias B.},
  doi		= {10.1016/j.celrep.2016.08.025},
  journal	= {Cell Rep.},
  month		= {sep},
  number	= {11},
  pages		= {3041--3051},
  title		= {{Proteome-wide Changes in Protein Turnover Rates in C.
		  elegans Models of Longevity and Age-Related Disease}},
  volume	= {16},
  year		= {2016}
}

@Article{	  brown2004,
  author	= {Brown, J H and Gillooly, J F and Allen, A P and Savage, V
		  N and West, G B},
  journal	= {Ecology},
  number	= {7},
  pages		= {1771--1789},
  title		= {{Toward a metabolic theory of ecology}},
  type		= {Journal Article},
  volume	= {85},
  year		= {2004}
}

@Article{	  wei2010,
  author	= {Wei, Gong Hong and Badis, Gwenael and Berger, Michael F.
		  and Kivioja, Teemu and Palin, Kimmo and Enge, Martin and
		  Bonke, Martin and Jolma, Arttu and Varjosalo, Markku and
		  Gehrke, Andrew R. and Yan, Jian and Talukder, Shaheynoor
		  and Turunen, Mikko and Taipale, Mikko and Stunnenberg,
		  Hendrik G. and Ukkonen, Esko and Hughes, Timothy R. and
		  Bulyk, Martha L. and Taipale, Jussi},
  doi		= {10.1038/emboj.2010.106},
  journal	= {EMBO J.},
  month		= {jul},
  number	= {13},
  pages		= {2147--2160},
  publisher	= {EMBO Press},
  title		= {{Genome-wide analysis of ETS-family DNA-binding in vitro
		  and in vivo}},
  volume	= {29},
  year		= {2010}
}

@Article{	  burga2011,
  author	= {Burga, Alejandro and Casanueva, M Olivia and Lehner, Ben},
  doi		= {10.1038/nature10665},
  journal	= {Nature},
  number	= {7376},
  pages		= {250--253},
  title		= {{Predicting mutation outcome from early stochastic
		  variation in genetic interaction partners}},
  volume	= {480},
  year		= {2011}
}

@Article{	  frankfort2002,
  author	= {Frankfort, B J and Mardon, G},
  journal	= {Development},
  number	= {129},
  pages		= {1295--1306},
  title		= {{R8 development in Drosophila}},
  year		= {2002}
}

@Misc{		  iansimpson2002,
  author	= {Simpson, Ian T. and Price, David J.},
  booktitle	= {BioEssays},
  doi		= {10.1002/bies.10174},
  month		= {nov},
  number	= {11},
  pages		= {1041--1051},
  publisher	= {John Wiley {\&} Sons, Ltd},
  title		= {{Pax6; a pleiotropic player in development}},
  volume	= {24},
  year		= {2002}
}

@Article{	  morgan1929,
  author	= {Morgan, T H},
  journal	= {Carnegie Inst. Wash. Publ.},
  pages		= {139--168},
  title		= {{Variability in eyeless}},
  type		= {Journal Article},
  volume	= {399},
  year		= {1929}
}

@Article{	  collins2010,
  author	= {Collins, Russell T and Linker, Claudia and Lewis, Julian},
  doi		= {10.1038/nmeth.1423},
  journal	= {Nat. Methods},
  month		= {mar},
  number	= {3},
  pages		= {219--223},
  publisher	= {Nature Publishing Group},
  title		= {{MAZe: A tool for mosaic analysis of gene function in
		  zebrafish}},
  volume	= {7},
  year		= {2010}
}

@Article{	  goentoro2009,
  archiveprefix	= {arXiv},
  arxivid	= {NIHMS150003},
  author	= {Goentoro, Lea and Shoval, Oren and Kirschner, Marc W. and
		  Alon, Uri},
  doi		= {10.1016/j.molcel.2009.11.018},
  eprint	= {NIHMS150003},
  journal	= {Mol. Cell},
  month		= {dec},
  pages		= {894--899},
  publisher	= {Cell Press},
  title		= {{The incoherent feedforward loop can provide fold-change
		  detection in gene regulation}},
  volume	= {36},
  year		= {2009}
}

@Article{	  casanueva2012,
  author	= {Casanueva, M O and Burga, A and Lehner, B},
  doi		= {10.1126/science.1213491 science.1213491 [pii]},
  journal	= {Science (80-. ).},
  number	= {6064},
  pages		= {82--85},
  title		= {{Fitness trade-offs and environmentally induced mutation
		  buffering in isogenic C. elegans}},
  type		= {Journal Article},
  volume	= {335},
  year		= {2012}
}

@InCollection{	  atkins2019,
  author	= {Atkins, Mardelle},
  booktitle	= {Methods Mol. Biol.},
  doi		= {10.1007/978-1-4939-8910-2_2},
  pages		= {27--42},
  publisher	= {Humana Press, New York, NY},
  title		= {{Drosophila Genetics: The Power of Genetic Mosaic
		  Approaches.}},
  volume	= {1893},
  year		= {2019}
}

@Article{	  scharloo1991,
  author	= {Scharloo, Willem},
  doi		= {10.1146/annurev.es.22.110191.000433},
  journal	= {Annu. Rev. Ecol. Syst.},
  number	= {1991},
  pages		= {65--93},
  title		= {{Canalization: genetic and developmental aspects}},
  volume	= {22},
  year		= {1991}
}

@Article{	  antebi2017,
  author	= {Antebi, Yaron E. and Linton, James M. and Klumpe, Heidi
		  and Bintu, Bogdan and Gong, Mengsha and Su, Christina and
		  McCardell, Reed and Elowitz, Michael B.},
  doi		= {10.1016/j.cell.2017.08.015},
  journal	= {Cell},
  month		= {sep},
  pages		= {1184--1196},
  publisher	= {Cell Press},
  title		= {{Combinatorial Signal Perception in the BMP Pathway}},
  volume	= {170},
  year		= {2017}
}

@Article{	  ghiglione2018,
  author	= {Ghiglione, Christian and Jouandin, Patrick and
		  C{\'{e}}r{\'{e}}zo, Delphine and Noselli, St{\'{e}}phane},
  doi		= {10.1242/dev.161117},
  journal	= {Development},
  month		= {jul},
  number	= {14},
  pages		= {dev161117},
  publisher	= {Oxford University Press for The Company of Biologists
		  Limited},
  title		= {{The Drosophila insulin pathway controls Profilin
		  expression and dynamic actin-rich protrusions during
		  collective cell migration}},
  volume	= {145},
  year		= {2018}
}

@Article{	  brown1992,
  author	= {Brown, G C},
  journal	= {Biochem J},
  pages		= {1--13},
  title		= {{Control of respiration and ATP synthesis in mammalian
		  mitochondria and cells}},
  type		= {Journal Article},
  volume	= {284 ( Pt 1},
  year		= {1992}
}

@Article{	  thompson2006,
  author	= {Thompson, Barry J. and Cohen, Stephen M.},
  doi		= {10.1016/j.cell.2006.07.013},
  journal	= {Cell},
  month		= {aug},
  number	= {4},
  pages		= {767--774},
  publisher	= {Cell Press},
  title		= {{The Hippo Pathway Regulates the bantam microRNA to
		  Control Cell Proliferation and Apoptosis in Drosophila}},
  volume	= {126},
  year		= {2006}
}

@Article{	  venken2006,
  author	= {Venken, K J and He, Y and Hoskins, R A and Bellen, H J},
  journal	= {Science (80-. ).},
  number	= {5806},
  pages		= {1747--1751},
  title		= {{P[acman]: a BAC transgenic platform for targeted
		  insertion of large DNA fragments in D. melanogaster}},
  type		= {Journal Article},
  volume	= {314},
  year		= {2006}
}

@Article{	  struhl1993,
  author	= {Struhl, Gary and Basler, Konrad},
  doi		= {10.1016/0092-8674(93)90072-X},
  journal	= {Cell},
  title		= {{Organizing activity of wingless protein in Drosophila}},
  year		= {1993}
}

@Article{	  barkai1997b,
  author	= {Barkai, N. and Leibler, S.},
  doi		= {10.1038/43199},
  journal	= {Nature},
  month		= {jun},
  number	= {6636},
  pages		= {913--917},
  publisher	= {Nature Publishing Group},
  title		= {{Robustness in simple biochemical networks}},
  volume	= {387},
  year		= {1997}
}

@Article{	  munsky2006,
  author	= {Munsky, Brian and Khammash, Mustafa},
  doi		= {10.1063/1.2145882},
  journal	= {J. Chem. Phys.},
  month		= {jan},
  number	= {4},
  pages		= {044104},
  publisher	= {American Institute of Physics},
  title		= {{The finite state projection algorithm for the solution of
		  the chemical master equation}},
  volume	= {124},
  year		= {2006}
}

@Article{	  parody1993,
  author	= {Parody, T R and Muskavitch, M. A T},
  journal	= {Genetics},
  number	= {2},
  pages		= {527--539},
  title		= {{The pleiotropic function of Delta during postembryonic
		  development of Drosophila melanogaster}},
  volume	= {135},
  year		= {1993}
}

@InProceedings{	  sommer2011,
  author	= {Sommer, Christoph and Straehle, Christoph and Kothe,
		  Ullrich and Hamprecht, Fred A.},
  booktitle	= {Proc. - Int. Symp. Biomed. Imaging},
  doi		= {10.1109/ISBI.2011.5872394},
  month		= {mar},
  pages		= {230--233},
  publisher	= {IEEE},
  title		= {{Ilastik: Interactive learning and segmentation toolkit}},
  year		= {2011}
}

@Article{	  gibson1996,
  author	= {Gibson, G and Hogness, David S.},
  doi		= {10.1126/science.271.5246.200},
  journal	= {Science (80-. ).},
  number	= {5246},
  pages		= {200--203},
  title		= {{Effect of Polymorphism in the Drosophila Regulatory Gene
		  Ultrabithorax on Homeotic Stability}},
  volume	= {271},
  year		= {1996}
}

@Article{	  gillooly2002,
  author	= {Gillooly, James. F. and Charnov, Eric L. and West,
		  Geoffrey B. and Savage, Van M. and Brown, James H.},
  doi		= {10.1038/417070a},
  journal	= {Nature},
  month		= {may},
  number	= {6884},
  pages		= {70--3},
  publisher	= {Nature Publishing Group},
  title		= {{Effects of size and temperature on developmental time.}},
  volume	= {417},
  year		= {2002}
}

@Article{	  davidson1944,
  author	= {Davidson, J},
  journal	= {J. Anim. Ecol.},
  pages		= {26--38},
  title		= {{On the relationship between temperature and rate of
		  development of insects at constant temperatures}},
  type		= {Journal Article},
  year		= {1944}
}

@Article{	  kueh2013,
  author	= {Kueh, Hao Y. and Champhekar, Ameya and Nutt, Stephen L.
		  and Elowitz, Michael B. and Rothenberg, Ellen V.},
  doi		= {10.1126/science.1240831},
  journal	= {Science (80-. ).},
  month		= {aug},
  pages		= {670--673},
  title		= {{Positive feedback between PU.1 and the cell cycle
		  controls myeloid differentiation}},
  volume	= {341},
  year		= {2013}
}

@Article{	  rohrbaugh2002,
  author	= {Rohrbaugh, Margaret and Ramos, Edward and Nguyen, Duc and
		  Price, Mitch and Wen, Yu and Lai, Zhi-Chun},
  journal	= {Curr. Biol.},
  pages		= {576--581},
  title		= {{Notch activation of yan expression is antagonized by
		  RTK/Pointed signaling in the Drosophila eye}},
  volume	= {12},
  year		= {2002}
}

@Article{	  wolff2018,
  author	= {Wolff, Samuel C. and Kedziora, Kasia M. and Dumitru,
		  Raluca and Dungee, Cierra D. and Zikry, Tarek M. and
		  Beltran, Adriana S. and Haggerty, Rachel A. and Cheng,
		  JrGang and Redick, Margaret A. and Purvis, Jeremy E.},
  doi		= {10.1101/137299},
  journal	= {Mol. Syst. Biol.},
  month		= {jan},
  number	= {9},
  pages		= {e8140},
  publisher	= {Cold Spring Harbor Laboratory},
  title		= {{Inheritance of OCT4 predetermines fate choice in human
		  embryonic stem cells}},
  volume	= {14},
  year		= {2018}
}

@Article{	  melen2005,
  author	= {Melen, Gustavo J. and Levy, Sagi and Barkai, Naama and
		  Shilo, Ben-Zion},
  doi		= {10.1038/msb4100036},
  journal	= {Mol. Syst. Biol.},
  pages		= {1--11},
  title		= {{Threshold responses to morphogen gradients by zero-order
		  ultrasensitivity}},
  year		= {2005}
}

@Article{	  bugarski2014,
  author	= {Bugarski, Milica and Mansouri, Maysam and Niemann, Axel
		  and Rizk, Aur{\'{e}}lien and Berger, Philipp and Ziegler,
		  Urs and Sbalzarini, Ivo F and Incardona, Pietro and Paul,
		  Gr{\'{e}}gory},
  doi		= {10.1038/nprot.2014.037},
  journal	= {Nat. Protoc.},
  month		= {mar},
  number	= {3},
  pages		= {586--596},
  publisher	= {Nature Publishing Group},
  title		= {{Segmentation and quantification of subcellular structures
		  in fluorescence microscopy images using Squassh}},
  volume	= {9},
  year		= {2014}
}

@Article{	  sulston1983,
  author	= {Sulston, J E and Schierenberg, E and White, J G and
		  Thomson, J N},
  doi		= {0012-1606(83)90201-4 [pii]},
  journal	= {Dev Biol},
  number	= {1},
  pages		= {64--119},
  title		= {{The embryonic cell lineage of the nematode Caenorhabditis
		  elegans}},
  type		= {Journal Article},
  volume	= {100},
  year		= {1983}
}

@Article{	  li2018,
  author	= {Li, Ke and Baker, Nicholas E},
  doi		= {10.7554/elife.33967},
  journal	= {Elife},
  publisher	= {eLife Sciences Publications, Ltd},
  title		= {{Regulation of the Drosophila ID protein Extra
		  macrochaetae by proneural dimerization partners}},
  volume	= {7},
  year		= {2018}
}

@Article{	  heffern2009,
  author	= {Heffern, Elleard and Perrimon, Norbert and Hohl, Amber M
		  and {del Valle Rodriguez}, Alberto and Bakal, Chris and
		  Bonvin, Marianne and Sustar, Anne and Grunwald, Didier and
		  Griffin, Ruth and Villalta, Christians and Wu, C-ting and
		  Bateman, Jack R and Desplan, Claude and Binari, Richard and
		  Schubiger, Gerold},
  doi		= {10.1038/nmeth.1349},
  journal	= {Nat. Methods},
  month		= {aug},
  number	= {8},
  pages		= {600--602},
  publisher	= {NIH Public Access},
  title		= {{The twin spot generator for differential Drosophila
		  lineage analysis}},
  volume	= {6},
  year		= {2009}
}

@Article{	  zheng1997,
  author	= {Zheng, Wei-ping and Flavell, Richard A.},
  doi		= {10.1016/S0092-8674(00)80240-8},
  journal	= {Cell},
  month		= {may},
  number	= {4},
  pages		= {587--596},
  title		= {{The transcription factor GATA-3 is necessary and
		  sufficient for Th2 cytokine gene expression in CD4 T
		  cells}},
  volume	= {89},
  year		= {1997}
}

@Article{	  burnaevskiy2018,
  author	= {Burnaevskiy, Nikolay and Sands, Bryan and Yun, Soo and
		  Tedesco, Patricia M and Johnson, Thomas E and Kaeberlein,
		  Matt and Brent, Roger and Mendenhall, Alexander},
  doi		= {10.1101/431643},
  journal	= {bioRxiv},
  month		= {oct},
  pages		= {431643},
  publisher	= {Cold Spring Harbor Laboratory},
  title		= {{Differences in protein dosage underlie nongenetic
		  differences in traits}},
  year		= {2018}
}

@Article{	  hsiung2002,
  author	= {Hsiung, F.},
  doi		= {10.1093/hmg/11.10.1207},
  journal	= {Hum. Mol. Genet.},
  month		= {may},
  number	= {10},
  pages		= {1207--1214},
  publisher	= {Narnia},
  title		= {{Retinal development in Drosophila: specifying the first
		  neuron}},
  volume	= {11},
  year		= {2002}
}

@Article{	  muzzey2009,
  archiveprefix	= {arXiv},
  arxivid	= {NIHMS150003},
  author	= {Muzzey, Dale and G{\'{o}}mez-Uribe, Carlos A. and
		  Mettetal, Jerome T and van Oudenaarden, Alexander},
  doi		= {10.1016/j.cell.2009.04.047},
  eprint	= {NIHMS150003},
  journal	= {Cell},
  number	= {1},
  pages		= {160--171},
  title		= {{A Systems-Level Analysis of Perfect Adaptation in Yeast
		  Osmoregulation}},
  volume	= {138},
  year		= {2009}
}

@Article{	  raj2010,
  archiveprefix	= {arXiv},
  arxivid	= {NIHMS150003},
  author	= {Raj, Arjun and Rifkin, Scott A. and Andersen, Erik and van
		  Oudenaarden, Alexander},
  doi		= {10.1038/nature08781},
  eprint	= {NIHMS150003},
  journal	= {Nature},
  number	= {7283},
  pages		= {913--918},
  title		= {{Variability in gene expression underlies incomplete
		  penetrance}},
  volume	= {463},
  year		= {2010}
}

@Article{	  hampel2011,
  author	= {Hampel, Stefanie and Chung, Phuong and McKellar, Claire E
		  and Hall, Donald and Looger, Loren L and Simpson, Julie H},
  doi		= {10.1038/nmeth.1566},
  journal	= {Nat. Methods},
  month		= {mar},
  number	= {3},
  pages		= {253--259},
  publisher	= {Nature Publishing Group},
  title		= {{Drosophila Brainbow: a recombinase-based fluorescence
		  labeling technique to subdivide neural expression
		  patterns}},
  volume	= {8},
  year		= {2011}
}

@Article{	  child1935,
  author	= {Child, G},
  journal	= {Genetics},
  number	= {2},
  pages		= {109--126},
  title		= {{Phenogenetic Studies on Scute-1 of Drosophila
		  Melanogaster. I. The Associations between the Bristles and
		  the effects of Genetic Modifiers and Temperature}},
  type		= {Journal Article},
  volume	= {20},
  year		= {1935}
}

@Book{		  morgan1915a,
  author	= {Morgan, Thomas Hunt},
  publisher	= {Holt},
  title		= {{The mechanism of Mendelian heredity}},
  year		= {1915}
}

@Article{	  bernstein2008,
  author	= {Bernstein, Bradley E and Brown, Myles and Johnson, David S
		  and Liu, X Shirley and Nussbaum, Chad and Myers, Richard M
		  and Liu, Tao and Li, Wei and Meyer, Clifford A and
		  Eeckhoute, J{\'{e}}r{\^{o}}me and Zhang, Yong},
  doi		= {10.1186/gb-2008-9-9-r137},
  journal	= {Genome Biol.},
  month		= {sep},
  number	= {9},
  pages		= {R137},
  publisher	= {BioMed Central},
  title		= {{Model-based Analysis of ChIP-Seq (MACS)}},
  volume	= {9},
  year		= {2008}
}

@Article{	  kim2001,
  author	= {Kim, Chongwoo A. and Phillips, Martin L. and Kim, Woojae
		  and Gingery, Mari and Tran, Hoang H. and Robinson, Michael
		  A. and Faham, Salem and Bowie, James U.},
  doi		= {10.1093/emboj/20.15.4173},
  journal	= {EMBO J.},
  number	= {15},
  pages		= {4173--4182},
  title		= {{Polymerization of the SAM domain of TEL in leukemogenesis
		  and transcriptional repression}},
  volume	= {20},
  year		= {2001}
}

@Article{	  pyne2009,
  author	= {Pyne, Saumyadipta and Maier, Lisa M and Lin, T.-I and
		  Wang, Kui and Rossin, Elizabeth and Hu, Xinli and Tamayo,
		  Pablo and Hafler, David A and {De Jager}, Philip L and
		  McLachlan, Geoffrey J and Baecher-Allan, Clare and Mesirov,
		  Jill P},
  doi		= {10.1073/pnas.0903028106},
  journal	= {Proc. Natl. Acad. Sci.},
  month		= {may},
  number	= {21},
  pages		= {8519--8524},
  publisher	= {National Academy of Sciences},
  title		= {{Automated high-dimensional flow cytometric data
		  analysis}},
  volume	= {106},
  year		= {2009}
}

@Article{	  li2001,
  author	= {Li, Yanxia and Baker, Nicholas E.},
  doi		= {10.1016/S0960-9822(01)00093-8},
  journal	= {Curr. Biol.},
  month		= {mar},
  number	= {5},
  pages		= {330--338},
  publisher	= {Cell Press},
  title		= {{Proneural enhancement by Notch overcomes
		  suppressor-of-hairless repressor function in the developing
		  Drosophila eye}},
  volume	= {11},
  year		= {2001}
}

@Article{	  alon2007,
  author	= {Alon, Uri},
  doi		= {10.1038/nrg2102},
  journal	= {Nat. Rev. Genet.},
  number	= {6},
  pages		= {450--61},
  title		= {{Network motifs: theory and experimental approaches.}},
  volume	= {8},
  year		= {2007}
}

@Article{	  li2006,
  author	= {Li, Yan and Wang, Fay and Lee, Jin A. and Gao, Fen Biao},
  doi		= {10.1101/gad.1466306},
  journal	= {Genes Dev},
  number	= {20},
  pages		= {2793--2805},
  title		= {{MicroRNA-9a ensures the precise specification of sensory
		  organ precursors in Drosophila}},
  type		= {Journal Article},
  volume	= {20},
  year		= {2006}
}

@Article{	  campos-ortega1977,
  author	= {Campos-Ortega, J. A. and Hofbauer, A.},
  journal	= {Roux's Arch. Dev. Biol.},
  pages		= {227--245},
  title		= {{Cell Clones and Pattern Formation: On the Lineage of
		  Photoreceptor Cells in the Compound Eye of Drosophila}},
  volume	= {181},
  year		= {1977}
}

@Misc{		  macarthur2009,
  author	= {MacArthur, Ben D. and Maayan, Avi and Lemischka, Ihor R.},
  booktitle	= {Nat. Rev. Mol. Cell Biol.},
  doi		= {10.1038/nrm2766},
  month		= {oct},
  number	= {10},
  pages		= {672--681},
  publisher	= {Nature Publishing Group},
  title		= {{Systems biology of stem cell fate and cellular
		  reprogramming}},
  volume	= {10},
  year		= {2009}
}

@Article{	  arias2006,
  author	= {Arias, A M and Hayward, P},
  doi		= {nrg1750 [pii] 10.1038/nrg1750},
  journal	= {Nat Rev Genet},
  number	= {1},
  pages		= {34--44},
  title		= {{Filtering transcriptional noise during development:
		  concepts and mechanisms}},
  type		= {Journal Article},
  volume	= {7},
  year		= {2006}
}

@Article{	  webber2013a,
  author	= {Webber, Jemma L. and Zhang, Jie and Mitchell-Dick, Aaron
		  and Rebay, Ilaria},
  doi		= {10.1101/gad.225789.113},
  journal	= {Genes Dev.},
  month		= {nov},
  number	= {21},
  pages		= {2293--2298},
  publisher	= {Cold Spring Harbor Laboratory Press},
  title		= {{3D chromatin interactions organize Yan chromatin
		  occupancy and repression at the even-skipped locus}},
  volume	= {27},
  year		= {2013}
}

@Article{	  boisclairlachance2014,
  author	= {{Boisclair Lachance}, Jean-Fran{\c{c}}ois and
		  Pel{\'{a}}ez, Nicol{\'{a}}s and Cassidy, Justin J. and
		  Webber, Jemma L. and Rebay, Ilaria and Carthew, Richard W.},
  doi		= {10.1016/j.ydbio.2013.11.002},
  journal	= {Dev. Biol.},
  month		= {jan},
  pages		= {263--278},
  title		= {{A comparative study of Pointed and Yan expression reveals
		  new complexity to the transcriptional networks downstream
		  of receptor tyrosine kinase signaling}},
  volume	= {385},
  year		= {2014}
}

@Article{	  baker1990,
  author	= {Baker, Nicholas E and Mlodzik, Marek and Rubin, Gerald M},
  doi		= {10.1126/science.2175046},
  journal	= {Science (80-. ).},
  month		= {dec},
  number	= {4986},
  pages		= {1370--1377},
  publisher	= {American Association for the Advancement of Science},
  title		= {{Spacing differentiation in the developing Drosophila eye:
		  A fibrinogen-related lateral inhibitor encoded by
		  scabrous}},
  volume	= {250},
  year		= {1990}
}

@Article{	  zhang2010,
  author	= {Zhang, Jie and Graham, Thomas G.W. and Vivekanand,
		  Pavithra and Cote, Lauren and Cetera, Maureen and Rebay,
		  Ilaria},
  doi		= {10.1128/MCB.01225-09},
  journal	= {Mol. Cell. Biol.},
  month		= {mar},
  number	= {5},
  pages		= {1158--1170},
  publisher	= {American Society for Microbiology},
  title		= {{Sterile alpha motif domain-mediated self-association
		  plays an essential role in modulating the activity of the
		  Drosophila ETS family transcriptional repressor Yan}},
  volume	= {30},
  year		= {2010}
}

@Article{	  ebisuya2018,
  author	= {Ebisuya, Miki and Briscoe, James},
  doi		= {10.1242/dev.164368},
  journal	= {Development},
  pages		= {1--6},
  title		= {{What does time mean in development ?}},
  type		= {Journal Article},
  volume	= {145},
  year		= {2018}
}

@Article{	  doe2017,
  author	= {Doe, Chris Q.},
  doi		= {10.1146/annurev-cellbio-111315-125210},
  journal	= {Annu. Rev. Cell Dev. Biol.},
  month		= {oct},
  number	= {1},
  pages		= {219--240},
  publisher	= {Annual Reviews},
  title		= {{Temporal patterning in the Drosophila CNS}},
  volume	= {33},
  year		= {2017}
}

@InProceedings{	  hornberg2006,
  author	= {Hornberg, Jorrit J and Bruggeman, Frank J and Westerhoff,
		  Hans V and Lankelma, Jan},
  booktitle	= {BioSystems},
  doi		= {10.1016/j.biosystems.2005.05.014},
  pages		= {81--90},
  title		= {{Cancer: A Systems Biology disease}},
  volume	= {83},
  year		= {2006}
}

@Article{	  truong2011,
  author	= {Truong, Thai V. and Supatto, Willy},
  doi		= {10.1002/dvg.20760},
  journal	= {Genesis},
  month		= {jul},
  number	= {7},
  pages		= {555--569},
  publisher	= {John Wiley {\&} Sons, Ltd},
  title		= {{Toward high-content/high-throughput imaging and analysis
		  of embryonic morphogenesis}},
  volume	= {49},
  year		= {2011}
}

@Article{	  xu2012,
  author	= {Xu, Tian and Rubin, Gerald M},
  doi		= {10.1242/dev.085183},
  journal	= {Development},
  month		= {dec},
  number	= {24},
  pages		= {4501--4503},
  publisher	= {Company of Biologists},
  title		= {{The effort to make mosaic analysis a household tool}},
  volume	= {139},
  year		= {2012}
}

@Misc{		  hulskamp1991,
  author	= {H{\"{u}}lskamp, Martin and Tautz, Diathard},
  booktitle	= {BioEssays},
  doi		= {10.1002/bies.950130602},
  month		= {jun},
  number	= {6},
  pages		= {261--268},
  publisher	= {John Wiley {\&} Sons, Ltd},
  title		= {{Gap genes and gradients – The logic behind the gaps}},
  volume	= {13},
  year		= {1991}
}

@Article{	  kamino2017,
  author	= {Kamino, Keita and Kondo, Yohei and Nakajima, Akihiko and
		  Honda-Kitahara, Mai and Kaneko, Kunihiko and Sawai,
		  Satoshi},
  doi		= {10.1073/pnas.1702181114},
  journal	= {Proc. Natl. Acad. Sci.},
  month		= {may},
  number	= {21},
  pages		= {E4149--E4157},
  publisher	= {National Academy of Sciences},
  title		= {{Fold-change detection and scale invariance of cell–cell
		  signaling in social amoeba}},
  volume	= {114},
  year		= {2017}
}

@Article{	  cassidy2016a,
  author	= {Cassidy, Justin J. and Straughan, Alexander J. and
		  Carthew, Richard W.},
  doi		= {10.1534/genetics.115.183822},
  journal	= {Genetics},
  number	= {2},
  pages		= {675--687},
  title		= {{Differential masking of natural genetic variation by
		  miR-9a in Drosophila}},
  volume	= {202},
  year		= {2016}
}

@Article{	  flores2000,
  author	= {Flores, Gail V and Duan, Hong and Yan, Huajun and Nagaraj,
		  Raghavendra and Fu, Weimin and Zou, Yu and Noll, Markus and
		  Banerjee, Utpal},
  doi		= {10.1016/S0092-8674(00)00106-9},
  journal	= {Cell},
  month		= {sep},
  pages		= {75--85},
  publisher	= {Cell Press},
  title		= {{Combinatorial signaling in the specification of unique
		  cell fates}},
  volume	= {103},
  year		= {2000}
}

@Article{	  mcmullen2010,
  author	= {McMullen, Patrick D. and Morimoto, Richard I. and Amaral,
		  Lu{\'{i}}s A. Nunes},
  doi		= {10.1073/pnas.1000938107},
  journal	= {Proc. Natl. Acad. Sci.},
  month		= {aug},
  number	= {31},
  pages		= {13690--13695},
  publisher	= {National Academy of Sciences},
  title		= {{Physically grounded approach for estimating gene
		  expression from microarray data}},
  volume	= {107},
  year		= {2010}
}

@Article{	  brauer2008,
  archiveprefix	= {arXiv},
  arxivid	= {arXiv:1011.1669v3},
  author	= {Brauer, Matthew J and Huttenhower, Curtis and Airoldi,
		  Edoardo M and Rosenstein, Rachel and Matese, John C and
		  Gresham, David and Boer, Viktor M and Troyanskaya, Olga G
		  and Botstein, David},
  doi		= {E07-08-0779 [pii] 10.1091/mbc.E07-08-0779},
  eprint	= {arXiv:1011.1669v3},
  journal	= {Mol Biol Cell},
  month		= {jan},
  number	= {1},
  pages		= {352--367},
  publisher	= {American Society for Cell Biology},
  title		= {{Coordination of growth rate, cell cycle, stress response,
		  and metabolic activity in yeast}},
  type		= {Journal Article},
  volume	= {19},
  year		= {2008}
}

@Article{	  lu2009,
  author	= {Lu, C and Brauer, M J and Botstein, D},
  doi		= {10.1091/mbc.E08-08-0852 E08-08-0852 [pii]},
  journal	= {Mol Biol Cell},
  number	= {3},
  pages		= {891--903},
  title		= {{Slow growth induces heat-shock resistance in normal and
		  respiratory-deficient yeast}},
  type		= {Journal Article},
  volume	= {20},
  year		= {2009}
}

@Article{	  colman-lerner2005,
  author	= {Colman-Lerner, Alejandro and Gordon, Andrew and Serra,
		  Eduard and Chin, Tina and Resnekov, Orna and Endy, Drew and
		  {Gustavo Pesce}, C. and Brent, Roger},
  doi		= {10.1038/nature03998},
  journal	= {Nature},
  number	= {7059},
  pages		= {699--706},
  title		= {{Regulated cell-to-cell variation in a cell-fate decision
		  system}},
  volume	= {437},
  year		= {2005}
}

@Article{	  fortune1992,
  author	= {Fortune, Steven},
  doi		= {10.1016/0098-3004(93)90062-A},
  journal	= {Comput. Euclidean Geom.},
  title		= {{Voronoi diagrams and Delaunay triangulations}},
  year		= {1992}
}

@Article{	  jafarnejad2003,
  author	= {Jafar-Nejad, H and Acar, M and Nolo, R and Lacin, H and
		  Pan, H and Parkhurst, S M and Bellen, H J},
  journal	= {Genes Dev},
  number	= {23},
  pages		= {2966--2978},
  title		= {{Senseless acts as a binary switch during sensory organ
		  precursor selection}},
  type		= {Journal Article},
  volume	= {17},
  year		= {2003}
}

@Article{	  lubensky2011,
  author	= {Lubensky, David K. and Pennington, Matthew W. and
		  Shraiman, Boris I. and Baker, Nicholas E.},
  doi		= {10.1073/pnas.1015302108},
  journal	= {Proc. Natl. Acad. Sci.},
  number	= {27},
  pages		= {11145--11150},
  title		= {{A dynamical model of ommatidial crystal formation}},
  volume	= {108},
  year		= {2011}
}

@Article{	  mort2009,
  author	= {Mort, Richard L.},
  doi		= {10.1111/j.1469-7580.2009.01150.x},
  journal	= {J. Anat.},
  month		= {dec},
  number	= {6},
  pages		= {698--704},
  publisher	= {John Wiley {\&} Sons, Ltd (10.1111)},
  title		= {{Quantitative analysis of patch patterns in mosaic tissues
		  with ClonalTools software}},
  volume	= {215},
  year		= {2009}
}

@Article{	  wang1995,
  author	= {Wang, Zhi-Xin},
  doi		= {10.1016/0014-5793(95)00062-E},
  journal	= {FEBS Lett.},
  pages		= {111--114},
  title		= {{An exact mathematical expression for describing
		  competitive binding of two different ligands to a protein
		  molecule}},
  volume	= {360},
  year		= {1995}
}

@Article{	  yang2006,
  author	= {Yang, Lihui and Baker, Nicholas E.},
  doi		= {10.1186/1471-213X-6-8},
  journal	= {BMC Dev. Biol.},
  month		= {feb},
  number	= {8},
  pages		= {1--10},
  publisher	= {BioMed Central},
  title		= {{Notch activity opposes ras-induced differentiation during
		  the second mitotic wave of the developing Drosophila eye}},
  volume	= {6},
  year		= {2006}
}

@Article{	  zhang2006,
  author	= {Zhang, Tianyi and Ranade, Swati and Cai, Chuan Qi and
		  Clouser, Christopher and Pignoni, Francesca},
  doi		= {10.1242/dev.02669},
  journal	= {Development},
  month		= {dec},
  number	= {24},
  pages		= {4881--4889},
  publisher	= {Oxford University Press for The Company of Biologists
		  Limited},
  title		= {{Direct control of neurogenesis by selector factors in the
		  fly eye: regulation of atonal by Ey and So}},
  volume	= {133},
  year		= {2006}
}

@Article{	  levavasseur2001,
  author	= {Levavasseur, F and Miyadera, H and Sirois, J and Tremblay,
		  M L and Kita, K and Shoubridge, E and Hekimi, S},
  doi		= {10.1074/jbc.M108980200 M108980200 [pii]},
  journal	= {J Biol Chem},
  number	= {49},
  pages		= {46160--46164},
  title		= {{Ubiquinone is necessary for mouse embryonic development
		  but is not essential for mitochondrial respiration}},
  type		= {Journal Article},
  volume	= {276},
  year		= {2001}
}

@Article{	  villee1943,
  author	= {Villee, C},
  journal	= {J Exp Zool},
  pages		= {75--98},
  title		= {{Phenogenetic studies of the homoeotic mutants of
		  Drosophila melanogaster.1. The effects of temperature on
		  the expression ofaristapedia}},
  type		= {Journal Article},
  volume	= {93},
  year		= {1943}
}

@Misc{		  johnston1992,
  author	= {Johnston, Daniel St and N{\"{u}}sslein-Volhard,
		  Christiane},
  booktitle	= {Cell},
  doi		= {10.1016/0092-8674(92)90466-P},
  month		= {jan},
  number	= {2},
  pages		= {201--219},
  publisher	= {Cell Press},
  title		= {{The origin of pattern and polarity in the Drosophila
		  embryo}},
  volume	= {68},
  year		= {1992}
}

@Article{	  gavish2016,
  author	= {Gavish, Avishai and Shwartz, Arkadi and Weizman, Abraham
		  and Schejter, Eyal and Shilo, Ben-Zion and Barkai, Naama},
  doi		= {10.1038/ncomms10461},
  journal	= {Nat. Commun.},
  title		= {{Periodic patterning of the Drosophila eye is stabilized
		  by the diffusible activator Scabrous}},
  volume	= {7:10461},
  year		= {2016}
}

@Misc{		  carthew2009a,
  archiveprefix	= {arXiv},
  arxivid	= {NIHMS150003},
  author	= {Carthew, Richard W and Sontheimer, Erik J},
  booktitle	= {Cell},
  doi		= {10.1016/j.cell.2009.01.035},
  eprint	= {NIHMS150003},
  number	= {4},
  pages		= {642--655},
  title		= {{Origins and Mechanisms of miRNAs and siRNAs}},
  volume	= {136},
  year		= {2009}
}

@Misc{		  kim2000,
  author	= {Kim, Leung and Kimmel, Alan R},
  booktitle	= {Curr. Opin. Genet. Dev.},
  doi		= {10.1016/S0959-437X(00)00120-9},
  month		= {oct},
  number	= {5},
  pages		= {508--514},
  publisher	= {Elsevier Current Trends},
  title		= {{GSK3, a master switch regulating cell-fate specification
		  and tumorigenesis}},
  volume	= {10},
  year		= {2000}
}

@Article{	  carpenter2006,
  archiveprefix	= {arXiv},
  arxivid	= {arXiv:1201.3109v1},
  author	= {Carpenter, Anne E and Jones, Thouis R and Lamprecht,
		  Michael R and Clarke, Colin and Kang, In Han and Friman,
		  Ola and Guertin, David A and Chang, Joo Han and Lindquist,
		  Robert A and Moffat, Jason and Golland, Polina and
		  Sabatini, David M},
  doi		= {10.1186/gb-2006-7-10-r100},
  eprint	= {arXiv:1201.3109v1},
  journal	= {Genome Biol.},
  month		= {oct},
  number	= {10},
  pages		= {R100},
  publisher	= {BioMed Central},
  title		= {{CellProfiler: Image analysis software for identifying and
		  quantifying cell phenotypes}},
  volume	= {7},
  year		= {2006}
}

@Article{	  fisher2017,
  author	= {Fisher, Yvette E and Yang, Helen H and Isaacman-Beck,
		  Jesse and Xie, Marjorie and Gohl, Daryl M and Clandinin,
		  Thomas R},
  doi		= {10.7554/eLife.22279},
  journal	= {Elife},
  publisher	= {eLife Sciences Publications, Ltd},
  title		= {{FlpStop, a tool for conditional gene control in
		  Drosophila}},
  volume	= {6},
  year		= {2017}
}

@Article{	  dourlen2013,
  author	= {Dourlen, Pierre and Levet, Clemence and Mejat, Alexandre
		  and Gambis, Alexis and Mollereau, Bertrand},
  doi		= {10.3791/50610},
  journal	= {J. Vis. Exp.},
  month		= {sep},
  publisher	= {MyJoVE Corporation},
  title		= {{The Tomato/GFP-FLP/FRT Method for Live Imaging of Mosaic
		  Adult Drosophila Photoreceptor Cells}},
  volume	= {79},
  year		= {2013}
}

@Article{	  bushati2007,
  author	= {Bushati, N and Cohen, S M},
  journal	= {Annu Rev Cell Dev Biol},
  pages		= {175--205},
  title		= {{microRNA functions}},
  type		= {Journal Article},
  volume	= {23},
  year		= {2007}
}

@Article{	  jafarnejad2006,
  author	= {Jafar-Nejad, H and Tien, A C and Acar, M and Bellen, H J},
  doi		= {dev.02338 [pii] 10.1242/dev.02338},
  journal	= {Development},
  number	= {9},
  pages		= {1683--1692},
  title		= {{Senseless and Daughterless confer neuronal identity to
		  epithelial cells in the Drosophila wing margin}},
  type		= {Journal Article},
  volume	= {133},
  year		= {2006}
}

@Article{	  vanderwalt2014,
  archiveprefix	= {arXiv},
  arxivid	= {1407.6245},
  author	= {van der Walt, St{\'{e}}fan and Sch{\"{o}}nberger, Johannes
		  L. and Nunez-Iglesias, Juan and Boulogne, Fran{\c{c}}ois
		  and Warner, Joshua D. and Yager, Neil and Gouillart,
		  Emmanuelle and Yu, Tony},
  doi		= {10.7717/peerj.453},
  eprint	= {1407.6245},
  journal	= {PeerJ},
  title		= {{scikit-image: image processing in Python}},
  year		= {2014}
}

@Misc{		  ghysen1993,
  author	= {Ghysen, Alain and Dambly‐Chaudi{\`{e}}re, Christine},
  booktitle	= {BioEssays},
  doi		= {10.1002/bies.950150502},
  month		= {may},
  number	= {5},
  pages		= {293--298},
  publisher	= {John Wiley {\&} Sons, Ltd},
  title		= {{The specification of sensory neuron identity in
		  Drosophila}},
  volume	= {15},
  year		= {1993}
}

@Article{	  graifer2014,
  author	= {Graifer, D and Malygin, A and Zharkov, D O and Karpova,
		  G},
  doi		= {10.1016/j.biochi.2013.11.001 S0300-9084(13)00397-0 [pii]},
  journal	= {Biochimie},
  pages		= {8--18},
  title		= {{Eukaryotic ribosomal protein S3: A constituent of
		  translational machinery and an extraribosomal player in
		  various cellular processes}},
  type		= {Journal Article},
  volume	= {99},
  year		= {2014}
}

@Article{	  morimoto1996,
  author	= {Morimoto, Alyssa M. and Jordan, Katherine C. and Tietze,
		  Kyria and Britton, Jessica S. and O'Neill, Elizabeth M. and
		  Ruohola-Baker, Hannele},
  journal	= {Development},
  pages		= {3745--3754},
  title		= {{Pointed, an ETS domain transcription factor, negatively
		  regulates the EGF receptor pathway in Drosophila
		  oogenesis}},
  volume	= {122},
  year		= {1996}
}

@Article{	  shellenbarger1975,
  author	= {Shellenbarger, David L. and Mohler, Dawson J.},
  journal	= {Genetics},
  number	= {1},
  pages		= {143--162},
  publisher	= {Genetics Society of America},
  title		= {{Temperature-sensitive mutations of the notch locus in
		  Drosophila melanogaster}},
  volume	= {81},
  year		= {1975}
}

@Article{	  simon1991,
  author	= {Simon, Michael A. and Bowtell, David D.L. and Dodson, G.
		  Steven and Laverty, Todd R. and Rubin, Gerald M.},
  doi		= {10.1016/0092-8674(91)90065-7},
  journal	= {Cell},
  month		= {nov},
  number	= {4},
  pages		= {701--716},
  publisher	= {Cell Press},
  title		= {{Ras1 and a putative guanine nucleotide exchange factor
		  perform crucial steps in signaling by the sevenless protein
		  tyrosine kinase}},
  volume	= {67},
  year		= {1991}
}

@Article{	  nolo2000,
  author	= {Nolo, R and Abbott, L A and Bellen, H J},
  doi		= {S0092-8674(00)00040-4 [pii]},
  journal	= {Cell},
  number	= {3},
  pages		= {349--362},
  title		= {{Senseless, a Zn finger transcription factor, is necessary
		  and sufficient for sensory organ development in
		  Drosophila}},
  type		= {Journal Article},
  volume	= {102},
  year		= {2000}
}

@Article{	  boisclairlachance2018,
  author	= {{Boisclair Lachance}, Jean-Fran{\c{c}}ois and Webber,
		  Jemma L and Hong, Lu and Dinner, Aaron R and Rebay, Ilaria},
  doi		= {10.1101/gad.307132.117},
  journal	= {Genes Dev.},
  month		= {mar},
  pages		= {389--401},
  publisher	= {Cold Spring Harbor Laboratory Press},
  title		= {{Cooperative recruitment of Yan via a high-affinity ETS
		  supersite organizes repression to confer specificity and
		  robustness to cardiac cell fate specification}},
  volume	= {32},
  year		= {2018}
}

@Article{	  halfar2001,
  author	= {Halfar, K and Rommel, C and Stocker, H and Hafen, E},
  journal	= {Development},
  month		= {may},
  number	= {9},
  pages		= {1687--96},
  title		= {{Ras controls growth, survival and differentiation in the
		  Drosophila eye by different thresholds of MAP kinase
		  activity.}},
  volume	= {128},
  year		= {2001}
}

@Article{	  webber2018,
  author	= {Webber, Jemma L and Zhang, Jie and Massey, Alex and
		  Sanchez-Luege, Nicelio and Rebay, Ilaria},
  doi		= {10.1242/dev.165985},
  journal	= {Development},
  month		= {may},
  number	= {13},
  pages		= {dev165985},
  publisher	= {Oxford University Press for The Company of Biologists
		  Limited},
  title		= {{Collaborative repressive action of the antagonistic ETS
		  transcription factors Pointed and Yan fine-tunes gene
		  expression to confer robustness in Drosophila}},
  volume	= {145},
  year		= {2018}
}

@Article{	  yi2000,
  author	= {Yi, T.-M. M and Huang, Yun and Simon, Melvin I and Doyle,
		  John},
  doi		= {10.1073/pnas.97.9.4649},
  journal	= {Proc. Natl. Acad. Sci.},
  number	= {9},
  pages		= {4649--53},
  title		= {{Robust perfect adaptation in bacterial chemotaxis through
		  integral feedback control.}},
  volume	= {97},
  year		= {2000}
}

@Article{	  atlas1935,
  author	= {Atlas, M},
  journal	= {Physiol. Zool.},
  number	= {3},
  pages		= {290--310},
  title		= {{The effect of temperature on the development of Rana
		  pipiens}},
  type		= {Journal Article},
  volume	= {8},
  year		= {1935}
}

@Article{	  teicher1963,
  author	= {Teicher, Henry},
  doi		= {10.1214/aoms/1177703862},
  journal	= {Ann. Math. Stat.},
  month		= {dec},
  number	= {4},
  pages		= {1265--1269},
  publisher	= {Institute of Mathematical Statistics},
  title		= {{Identifiability of Finite Mixtures}},
  volume	= {34},
  year		= {1963}
}

@Article{	  nowak1997,
  author	= {Nowak, M A and Boerlijst, M C and Cooke, J and {Maynard
		  Smith}, John},
  doi		= {10.1038/40618},
  journal	= {Nature},
  number	= {6638},
  pages		= {167--71},
  publisher	= {CRC Press},
  title		= {{Evolution of genetic redundancy.}},
  volume	= {388},
  year		= {1997}
}

@Article{	  oneill1994a,
  author	= {O'Neill, Elizabeth M. and Rebay, Ilaria and Tjian, Robert
		  and Rubin, Gerald},
  journal	= {Cell},
  pages		= {137--147},
  title		= {{The activities of two ETS-related transcription factors
		  required for Drosophila eye development are modulated by
		  the Ras/MAPK pathway}},
  volume	= {78},
  year		= {1994}
}

@Article{	  layalle2008,
  author	= {Layalle, Sophie and Arquier, Nathalie and L{\'{e}}opold,
		  Pierre},
  journal	= {Dev. Cell},
  number	= {4},
  pages		= {568--577},
  title		= {{The TOR pathway couples nutrition and developmental
		  timing in Drosophila}},
  type		= {Journal Article},
  volume	= {15},
  year		= {2008}
}

@Article{	  hulskamp1990,
  author	= {H{\"{u}}lskamp, Martin and Pfeifle, Christine and Tautz,
		  Diethard},
  doi		= {10.1038/346577a0},
  journal	= {Nature},
  month		= {aug},
  number	= {6284},
  pages		= {577--580},
  publisher	= {Nature Publishing Group},
  title		= {{A morphogenetic gradient of hunchback protein organizes
		  the expression of the gap genes Kr{\"{u}}ppel and knirps in
		  the early Drosophila embryo}},
  volume	= {346},
  year		= {1990}
}

@Article{	  ma2009,
  archiveprefix	= {arXiv},
  arxivid	= {NIHMS150003},
  author	= {Ma, Wenzhe and Trusina, Ala and El-Samad, Hana and Lim,
		  Wendell A and Tang, Chao},
  doi		= {10.1016/j.cell.2009.06.013},
  eprint	= {NIHMS150003},
  journal	= {Cell},
  number	= {4},
  pages		= {760--773},
  title		= {{Defining Network Topologies that Can Achieve Biochemical
		  Adaptation}},
  volume	= {138},
  year		= {2009}
}

@Article{	  struhl1993a,
  author	= {Struhl, Gary and Basler, Konrad},
  doi		= {10.1016/0092-8674(93)90072-X},
  journal	= {Cell},
  month		= {feb},
  number	= {4},
  pages		= {527--540},
  publisher	= {Cell Press},
  title		= {{Organizing activity of wingless protein in Drosophila}},
  volume	= {72},
  year		= {1993}
}

@Article{	  helmuth2010,
  author	= {Helmuth, Jo A and Paul, Gr{\'{e}}gory and Sbalzarini, Ivo
		  F},
  doi		= {10.1186/1471-2105-11-372},
  journal	= {BMC Bioinformatics},
  month		= {jul},
  number	= {1},
  pages		= {372},
  publisher	= {BioMed Central},
  title		= {{Beyond co-localization: Inferring spatial interactions
		  between sub-cellular structures from microscopy images}},
  volume	= {11},
  year		= {2010}
}

@Article{	  kitano2004,
  author	= {Kitano, Hiroaki},
  doi		= {10.1038/nrg1471},
  journal	= {Nat. Rev. Genet.},
  number	= {November},
  pages		= {826--837},
  title		= {{Biological Robustness}},
  volume	= {837},
  year		= {2004}
}

@Misc{		  schindelin2012,
  author	= {Schindelin, Johannes and Arganda-Carreras, Ignacio and
		  Frise, Erwin and Kaynig, Verena and Longair, Mark and
		  Pietzsch, Tobias and Preibisch, Stephan and Rueden, Curtis
		  and Saalfeld, Stephan and Schmid, Benjamin and Tinevez,
		  Jean Yves and White, Daniel James and Hartenstein, Volker
		  and Eliceiri, Kevin and Tomancak, Pavel and Cardona,
		  Albert},
  booktitle	= {Nat. Methods},
  doi		= {10.1038/nmeth.2019},
  month		= {jul},
  number	= {7},
  pages		= {676--682},
  publisher	= {Nature Publishing Group},
  title		= {{Fiji: An open-source platform for biological-image
		  analysis}},
  volume	= {9},
  year		= {2012}
}

@Article{	  laslo2006,
  author	= {Laslo, Peter and Spooner, Chauncey J. and Warmflash, Aryeh
		  and Lancki, David W. and Lee, Hyun-Jun and Sciammas, Roger
		  and Gantner, Benjamin N. and Dinner, Aaron R. and Singh,
		  Harinder},
  doi		= {10.1016/j.cell.2006.06.052},
  journal	= {Cell},
  number	= {4},
  pages		= {755--766},
  title		= {{Multilineage transcriptional priming and determination of
		  alternate hematopoietic cell fates}},
  volume	= {126},
  year		= {2006}
}

@Misc{		  khammash2016,
  author	= {Khammash, Mustafa},
  booktitle	= {BMC Biol.},
  doi		= {10.1186/s12915-016-0241-x},
  month		= {mar},
  number	= {1},
  pages		= {22},
  publisher	= {BioMed Central Ltd.},
  title		= {{An engineering viewpoint on biological robustness}},
  volume	= {14},
  year		= {2016}
}

@Article{	  kelley2015,
  archiveprefix	= {arXiv},
  arxivid	= {0-387-31073-8},
  author	= {Kelley, Lawrence A and Mezulis, Stefans and Yates,
		  Christopher M and Wass, Mark N and Sternberg, Michael
		  J.E.},
  doi		= {10.1038/nprot.2015.053},
  eprint	= {0-387-31073-8},
  journal	= {Nat. Protoc.},
  month		= {jun},
  number	= {6},
  pages		= {845--858},
  publisher	= {Nature Publishing Group},
  title		= {{The Phyre2 web portal for protein modeling, prediction
		  and analysis}},
  volume	= {10},
  year		= {2015}
}

@Article{	  ferrus1975,
  author	= {Ferrus, A},
  journal	= {Genetics},
  number	= {4},
  pages		= {589--599},
  title		= {{Parameters of mitotic recombination in minute mutants of
		  Drosophila melanogaster}},
  type		= {Journal Article},
  volume	= {79},
  year		= {1975}
}

@Article{	  meijering2012,
  author	= {Meijering, Erik},
  doi		= {10.1109/msp.2012.2204190},
  journal	= {IEEE Signal Process. Mag.},
  month		= {sep},
  number	= {5},
  pages		= {140--145},
  title		= {{Cell Segmentation: 50 Years Down the Road}},
  volume	= {29},
  year		= {2012}
}

@Article{	  jarman1994,
  author	= {Jarman, Andrew P. and Grell, Ellsworth H. and Ackerman,
		  Larry and Jan, Lily Y. and Jan, Yuh Nung},
  journal	= {Nature},
  number	= {6479},
  pages		= {398--400},
  title		= {{atonal is the proneural gene for Drosophila
		  photoreceptors}},
  volume	= {369},
  year		= {1994}
}

@Article{	  chen2015,
  author	= {Chen, Xiaoyi and Hasan, Milena and Libri, Valentina and
		  Urrutia, Alejandra and Beitz, Beno{\^{i}}t and Rouilly,
		  Vincent and Duffy, Darragh and Patin, {\'{E}}tienne and
		  Chalmond, Bernard and Rogge, Lars and Quintana-Murci, Lluis
		  and Albert, Matthew L. and Schwikowski, Benno},
  doi		= {10.1016/j.clim.2014.12.009},
  journal	= {Clin. Immunol.},
  month		= {apr},
  number	= {2},
  pages		= {249--260},
  publisher	= {Academic Press},
  title		= {{Automated flow cytometric analysis across large numbers
		  of samples and cell types}},
  volume	= {157},
  year		= {2015}
}

@Article{	  brogiolo2001,
  author	= {Brogiolo, W and Stocker, H and Ikeya, T and Rintelen, F
		  and Fernandez, R and Hafen, E},
  doi		= {S0960-9822(01)00068-9 [pii]},
  journal	= {Curr Biol},
  number	= {4},
  pages		= {213--221},
  title		= {{An evolutionarily conserved function of the Drosophila
		  insulin receptor and insulin-like peptides in growth
		  control}},
  type		= {Journal Article},
  volume	= {11},
  year		= {2001}
}

@Article{	  paulsen2011,
  author	= {Paulsen, Malte and Legewie, Stefan and Eils, Roland and
		  Karaulanov, Emil and Niehrs, Christof},
  doi		= {10.1073/pnas.1100179108},
  journal	= {Proc. Natl. Acad. Sci.},
  month		= {jun},
  number	= {25},
  pages		= {10202--10207},
  publisher	= {National Academy of Sciences},
  title		= {{Negative feedback in the bone morphogenetic protein 4
		  (BMP4) synexpression group governs its dynamic signaling
		  range and canalizes development}},
  volume	= {108},
  year		= {2011}
}

@Article{	  webber2013,
  author	= {Webber, Jemma L. and Zhang, Jie and Cote, Lauren and
		  Vivekanand, Pavithra and Ni, Xiaochun and Zhou, Jie and
		  Negre, Nicolas and Carthew, Richard W. and White, Kevin P.
		  and Rebay, Ilaria},
  doi		= {10.1534/genetics.112.146647},
  journal	= {Genetics},
  number	= {2},
  pages		= {633--649},
  title		= {{The relationship between long-range chromatin occupancy
		  and polymerization of the drosophila ETS family
		  transcriptional repressor Yan}},
  volume	= {193},
  year		= {2013}
}

@Article{	  rulifson2002,
  author	= {Rulifson, Eric J and Kim, Seung K and Nusse, Roel},
  doi		= {10.1126/science.1070058 296/5570/1118 [pii]},
  journal	= {Science (80-. ).},
  number	= {5570},
  pages		= {1118--1120},
  title		= {{Ablation of insulin-producing neurons in flies: growth
		  and diabetic phenotypes}},
  type		= {Journal Article},
  volume	= {296},
  year		= {2002}
}

@Article{	  elowitz2002,
  author	= {Elowitz, Michael B and Levine, Arnold J and Siggia, Eric D
		  and Swain, Peter S},
  doi		= {10.1126/science.1070919},
  journal	= {Science (80-. ).},
  month		= {aug},
  number	= {5584},
  pages		= {1183--1186},
  publisher	= {American Association for the Advancement of Science},
  title		= {{Stochastic gene expression in a single cell}},
  volume	= {297},
  year		= {2002}
}

@Article{	  julian2005,
  author	= {Julian, Richard J},
  journal	= {Vet. J.},
  number	= {3},
  pages		= {350--369},
  title		= {{Production and growth related disorders and other
		  metabolic diseases of poultry–a review}},
  type		= {Journal Article},
  volume	= {169},
  year		= {2005}
}

@Article{	  yordanov2018,
  author	= {Yordanov, Pencho and Stelling, J{\"{o}}rg},
  doi		= {10.1016/j.bpj.2017.11.3780},
  journal	= {Biophys. J.},
  month		= {feb},
  number	= {3},
  pages		= {723--736},
  title		= {{Steady-State Differential Dose Response in Biological
		  Systems}},
  volume	= {114},
  year		= {2018}
}

@Article{	  freeman2000,
  author	= {Freeman, Matthew},
  doi		= {10.1038/35042500},
  journal	= {Nature},
  number	= {November},
  pages		= {313--319},
  title		= {{Feedback control of intercellular signalling in
		  development}},
  volume	= {408},
  year		= {2000}
}

@Article{	  trapnell2009,
  archiveprefix	= {arXiv},
  arxivid	= {cs/9605103},
  author	= {Trapnell, Cole and Pachter, Lior and Salzberg, Steven L.},
  doi		= {10.1093/bioinformatics/btp120},
  eprint	= {9605103},
  journal	= {Bioinformatics},
  month		= {may},
  number	= {9},
  pages		= {1105--1111},
  primaryclass	= {cs},
  publisher	= {Oxford University Press},
  title		= {{TopHat: Discovering splice junctions with RNA-Seq}},
  volume	= {25},
  year		= {2009}
}

@Article{	  kim2013,
  author	= {Kim, Dahan and Curthoys, Nikki M and Parent, Matthew T and
		  Hess, Samuel T},
  doi		= {10.1088/2040-8978/15/9/094011},
  journal	= {J. Opt.},
  month		= {sep},
  number	= {9},
  publisher	= {NIH Public Access},
  title		= {{Bleed-through correction for rendering and correlation
		  analysis in multi-colour localization microscopy}},
  volume	= {15},
  year		= {2013}
}

@Misc{		  schindelin2015,
  author	= {Schindelin, Johannes and Rueden, Curtis T. and Hiner, Mark
		  C. and Eliceiri, Kevin W.},
  booktitle	= {Mol. Reprod. Dev.},
  doi		= {10.1002/mrd.22489},
  month		= {jul},
  number	= {7-8},
  pages		= {518--529},
  publisher	= {John Wiley {\&} Sons, Ltd},
  title		= {{The ImageJ ecosystem: An open platform for biomedical
		  image analysis}},
  volume	= {82},
  year		= {2015}
}

@Misc{		  stathopoulos2005,
  author	= {Stathopoulos, Angelike and Levine, Michael},
  booktitle	= {Dev. Cell},
  doi		= {10.1016/j.devcel.2005.09.005},
  month		= {oct},
  number	= {4},
  pages		= {449--462},
  publisher	= {Cell Press},
  title		= {{Genomic regulatory networks and animal development}},
  volume	= {9},
  year		= {2005}
}

@Article{	  lempiainen2009,
  author	= {Lempiainen, H and Shore, D},
  doi		= {10.1016/j.ceb.2009.09.002 S0955-0674(09)00158-6 [pii]},
  journal	= {Curr Opin Cell Biol},
  number	= {6},
  pages		= {855--863},
  title		= {{Growth control and ribosome biogenesis}},
  type		= {Journal Article},
  volume	= {21},
  year		= {2009}
}

@Article{	  gehring1996,
  author	= {Gehring, Walter J.},
  doi		= {10.1046/j.1365-2443.1996.11011.x},
  journal	= {Genes to Cells},
  month		= {jan},
  number	= {1},
  pages		= {11--15},
  publisher	= {John Wiley {\&} Sons, Ltd (10.1111)},
  title		= {{The master control gene for morphogenesis and evolution
		  of the eye}},
  volume	= {1},
  year		= {1996}
}

@Article{	  spitz2012,
  author	= {Spitz, Fran{\c{c}}ois and Furlong, Eileen E. M.},
  doi		= {10.1038/nrg3207},
  journal	= {Nat. Rev. Genet.},
  month		= {sep},
  number	= {9},
  pages		= {613--626},
  publisher	= {Nature Publishing Group},
  title		= {{Transcription factors: From enhancer binding to
		  developmental control}},
  volume	= {13},
  year		= {2012}
}

@Article{	  pappu2005,
  author	= {Pappu, Kartik S},
  doi		= {10.1242/dev.01869},
  journal	= {Development},
  month		= {jun},
  number	= {12},
  pages		= {2895--2905},
  publisher	= {The Company of Biologists Ltd},
  title		= {{Dual regulation and redundant function of two
		  eye-specific enhancers of the Drosophila retinal
		  determination gene dachshund}},
  volume	= {132},
  year		= {2005}
}

@Article{	  hartman2001,
  author	= {Hartman, John L I V and Garvik, Barbara and Hartwell,
		  Lee},
  doi		= {10.1126/science.1056072},
  journal	= {Science (80-. ).},
  number	= {2001},
  pages		= {1--5},
  title		= {{Principles for the Buffering of Genetic Variation}},
  volume	= {1001},
  year		= {2001}
}

@Article{	  nobuyukiotsu1979,
  author	= {{Nobuyuki Otsu}},
  journal	= {IEEE Trans. Syst. Man. Cybern.},
  title		= {{A Threshold Selection Method from Gray-Level
		  Histograms}},
  year		= {1979}
}

@Article{	  stelzer2014,
  author	= {Stelzer, Ernst H K},
  doi		= {10.1038/nmeth.3219},
  journal	= {Nat. Methods},
  month		= {dec},
  number	= {1},
  pages		= {23--26},
  publisher	= {Nature Publishing Group},
  title		= {{Light-sheet fluorescence microscopy for quantitative
		  biology}},
  volume	= {12},
  year		= {2014}
}

@Article{	  xu1993,
  archiveprefix	= {arXiv},
  arxivid	= {0909.3892},
  author	= {Xu, T and Rubin, G M},
  doi		= {8404527},
  eprint	= {0909.3892},
  journal	= {Development},
  month		= {apr},
  number	= {4},
  pages		= {1223--37},
  title		= {{Analysis of genetic mosaics in developing and adult
		  Drosophila tissues.}},
  volume	= {117},
  year		= {1993}
}

@Article{	  rendel1966a,
  author	= {Rendel, J M and Sheldon, B L and Finlay, D E},
  doi		= {10.2307/2459376},
  journal	= {Am. Nat.},
  number	= {910},
  pages		= {13--31},
  title		= {{Selection for Canalization of the Scute Phenotype. II.}},
  volume	= {100},
  year		= {1966}
}

@Article{	  xu2000,
  author	= {Xu, Chunyan and Kauffmann, Rachele C. and Zhang, Jianjun
		  and Kladny, Susan and Carthew, Richard W.},
  doi		= {10.1016/S0092-8674(00)00107-0},
  journal	= {Cell},
  pages		= {87--97},
  title		= {{Overlapping activators and repressors delimit
		  transcriptional response to receptor tyrosine kinase
		  signals in the Drosophila eye}},
  volume	= {103},
  year		= {2000}
}

@Article{	  pressman2012,
  author	= {Pressman, S and Reinke, C A and Wang, X and Carthew, R W},
  doi		= {10.1534/g3.112.002030 GGG_002030 [pii]},
  journal	= {G3},
  number	= {4},
  pages		= {437--448},
  title		= {{A Systematic Genetic Screen to Dissect the MicroRNA
		  Pathway in Drosophila}},
  type		= {Journal Article},
  volume	= {2},
  year		= {2012}
}

@Misc{		  wang2009,
  author	= {Wang, Zhiwei and Li, Yiwei and Banerjee, Sanjeev and
		  Sarkar, Fazlul H.},
  booktitle	= {Cancer Lett.},
  doi		= {10.1016/j.canlet.2008.09.030},
  month		= {jun},
  number	= {1},
  pages		= {8--12},
  publisher	= {Elsevier},
  title		= {{Emerging role of Notch in stem cells and cancer}},
  volume	= {279},
  year		= {2009}
}

@Book{		  lawrence1992,
  address	= {Oxford, UK},
  author	= {Lawrence, P},
  pages		= {228},
  publisher	= {Blackwell Scientific},
  title		= {{The making of a fly: the genetics of animal design}},
  type		= {Book},
  year		= {1992}
}

@Article{	  huang2005,
  author	= {Huang, Jianbin and Wu, Shian and Barrera, Jose and
		  Matthews, Krista and Pan, Duojia},
  doi		= {10.1016/j.cell.2005.06.007},
  journal	= {Cell},
  month		= {aug},
  number	= {3},
  pages		= {421--434},
  publisher	= {Cell Press},
  title		= {{The Hippo signaling pathway coordinately regulates cell
		  proliferation and apoptosis by inactivating Yorkie, the
		  Drosophila homolog of YAP}},
  volume	= {122},
  year		= {2005}
}

@Article{	  nguyen2012,
  author	= {Nguyen, Thanh Minh and Wu, Q. M.Jonathan},
  doi		= {10.1109/TSMCB.2011.2161284},
  journal	= {IEEE Trans. Syst. Man. Cybern.},
  month		= {feb},
  number	= {1},
  pages		= {193--202},
  title		= {{Gaussian mixture-model-based spatial neighborhood
		  relationships for pixel labeling problems}},
  volume	= {42},
  year		= {2012}
}

@Article{	  elangovan2003,
  author	= {Elangovan, Masilamani and Wallrabe, Horst and Chen, Ye and
		  Day, Richard N. and Barroso, Margarida and Periasamy,
		  Ammasi},
  doi		= {10.1016/S1046-2023(02)00283-9},
  journal	= {Methods},
  month		= {jan},
  number	= {1},
  pages		= {58--73},
  publisher	= {Academic Press},
  title		= {{Characterization of one- and two-photon excitation
		  fluorescence resonance energy transfer microscopy}},
  volume	= {29},
  year		= {2003}
}

@Article{	  paintdakhi2016,
  author	= {Paintdakhi, Ahmad and Parry, Bradley and Campos, Manuel
		  and Irnov, Irnov and Elf, Johan and Surovtsev, Ivan and
		  Jacobs-Wagner, Christine},
  doi		= {10.1111/mmi.13264},
  journal	= {Mol. Microbiol.},
  month		= {feb},
  number	= {4},
  pages		= {767--777},
  publisher	= {John Wiley {\&} Sons, Ltd (10.1111)},
  title		= {{Oufti: An integrated software package for high-accuracy,
		  high-throughput quantitative microscopy analysis}},
  volume	= {99},
  year		= {2016}
}

@Article{	  yi2003,
  author	= {Yi, Tau-Mu and Kitano, Hiroaki and Simon, Melvin I},
  doi		= {10.1073/pnas.1834247100},
  journal	= {Proc. Natl. Acad. Sci. U. S. A.},
  number	= {19},
  pages		= {10764--9},
  title		= {{A quantitative characterization of the yeast
		  heterotrimeric G protein cycle.}},
  volume	= {100},
  year		= {2003}
}

@Article{	  gambis2011,
  author	= {Gambis, Alexis and Dourlen, Pierre and Steller, Hermann
		  and Mollereau, Bertrand},
  doi		= {10.1016/j.ydbio.2010.12.040},
  journal	= {Dev. Biol.},
  month		= {mar},
  number	= {1},
  pages		= {128--134},
  publisher	= {Academic Press},
  title		= {{Two-color in vivo imaging of photoreceptor apoptosis and
		  development in Drosophila}},
  volume	= {351},
  year		= {2011}
}

@Misc{		  artavanis-tsakonas1999,
  author	= {Artavanis-Tsakonas, Spyros and Rand, Matthew D and Lake,
		  Robert J},
  booktitle	= {Science (80-. ).},
  doi		= {10.1126/science.284.5415.770},
  month		= {apr},
  number	= {5415},
  pages		= {770--776},
  publisher	= {American Association for the Advancement of Science},
  title		= {{Notch signaling: Cell fate control and signal integration
		  in development}},
  volume	= {284},
  year		= {1999}
}

@Article{	  simpson1997,
  author	= {Simpson, P},
  journal	= {Curr. Opin. Genet. Dev.},
  month		= {aug},
  number	= {4},
  pages		= {537--42},
  title		= {{Notch signalling in development: on equivalence groups
		  and asymmetric developmental potential.}},
  volume	= {7},
  year		= {1997}
}

@Book{		  wilkins1993,
  author	= {Wilkins, Adam S},
  publisher	= {Wiley-Liss Inc},
  title		= {{Genetic analysis of animal development}},
  year		= {1993}
}

@Article{	  tomlinson1985,
  author	= {Tomlinson, Andrew},
  journal	= {Development},
  pages		= {313--331},
  title		= {{The cellular dynamics of pattern formation in the eye of
		  Drosophila}},
  volume	= {89},
  year		= {1985}
}

@Article{	  cheong2011,
  author	= {Cheong, Raymond and Rhee, Alex and Wang, C. J. and
		  Nemenman, Ilya and Levchenko, Andre},
  doi		= {10.1126/science.1204553},
  journal	= {Science (80-. ).},
  number	= {6054},
  pages		= {354--358},
  title		= {{Information Transduction Capacity of Noisy Biochemical
		  Signaling Networks}},
  volume	= {334},
  year		= {2011}
}

@Book{		  seborg2011,
  archiveprefix	= {arXiv},
  arxivid	= {arXiv:1011.1669v3},
  author	= {Seborg, D. and Edgar, T. and Mellicamp, D. and {Doyle
		  III}, F.},
  doi		= {10.1007/s13398-014-0173-7.2},
  eprint	= {arXiv:1011.1669v3},
  publisher	= {John Wiley {\&} Sons},
  title		= {{Process Dynamics and Control (3rd Edition)}},
  year		= {2011}
}

@Article{	  parody1993a,
  author	= {Parody, T R and Muskavitch, M. A T},
  journal	= {Genetics},
  number	= {2},
  pages		= {527--539},
  title		= {{The pleiotropic function of Delta during postembryonic
		  development of Drosophila melanogaster}},
  volume	= {135},
  year		= {1993}
}

@Article{	  cusanovich2018,
  author	= {Cusanovich, D A and Reddington, J P and Garfield, D A and
		  Daza, R M and Aghamirzaie, D and Marco-Ferreres, R and
		  Pliner, H A and Christiansen, L and Qiu, X and Steemers, F
		  J and Trapnell, C and Shendure, J and Furlong, E E M},
  doi		= {10.1038/nature25981 nature25981 [pii]},
  journal	= {Nature},
  number	= {7697},
  pages		= {538--542},
  title		= {{The cis-regulatory dynamics of embryonic development at
		  single-cell resolution}},
  type		= {Journal Article},
  volume	= {555},
  year		= {2018}
}

@Article{	  zhou2016,
  author	= {Zhou, Qingxiang and Neal, Scott J. and Pignoni,
		  Francesca},
  doi		= {10.1002/dvg.22984},
  journal	= {Genesis},
  month		= {nov},
  number	= {11},
  pages		= {589--592},
  publisher	= {John Wiley {\&} Sons, Ltd},
  title		= {{Mutant analysis by rescue gene excision: New tools for
		  mosaic studies in Drosophila}},
  volume	= {54},
  year		= {2016}
}

@Article{	  kumar2003,
  author	= {Kumar, Justin P. and Hsiung, Frank and Powers, Maureen A.
		  and Moses, Kevin},
  doi		= {10.1242/dev.00556},
  journal	= {Development},
  month		= {apr},
  number	= {16},
  pages		= {3703--14},
  publisher	= {The Company of Biologists Ltd},
  title		= {{Nuclear translocation of activated MAP kinase is
		  developmentally regulated in the developing Drosophila
		  eye}},
  volume	= {130},
  year		= {2003}
}

@Article{	  schmidt2017,
  author	= {Schmidt, Stephanie Tzouanas and Zimmerman, Stephanie M.
		  and Wang, Jianbin and Kim, Stuart K. and Quake, Stephen
		  R.},
  doi		= {10.1021/acssynbio.6b00309},
  journal	= {ACS Synth. Biol.},
  month		= {jun},
  number	= {6},
  pages		= {936--942},
  publisher	= {American Chemical Society},
  title		= {{Quantitative Analysis of Synthetic Cell Lineage Tracing
		  Using Nuclease Barcoding}},
  volume	= {6},
  year		= {2017}
}

@Article{	  goentoro2009a,
  archiveprefix	= {arXiv},
  arxivid	= {NIHMS150003},
  author	= {Goentoro, Lea and Kirschner, Marc W.},
  doi		= {10.1016/j.molcel.2009.11.017},
  eprint	= {NIHMS150003},
  journal	= {Mol. Cell},
  month		= {dec},
  number	= {5},
  pages		= {872--884},
  publisher	= {Cell Press},
  title		= {{Evidence that Fold-Change, and Not Absolute Level, of
		  $\beta$-Catenin Dictates Wnt Signaling}},
  volume	= {36},
  year		= {2009}
}

@Article{	  klambt1993,
  author	= {Kl{\"{a}}mbt, C},
  journal	= {Development},
  number	= {1},
  pages		= {163--176},
  title		= {{The Drosophila gene pointed encodes two ETS-like proteins
		  which are involved in the development of the midline glial
		  cells}},
  volume	= {117},
  year		= {1993}
}

@Article{	  zuo2011,
  author	= {Zuo, Wenyun and Moses, Melanie E and West, Geoffrey B and
		  Hou, Chen and Brown, James H},
  doi		= {10.1098/rspb.2011.2000},
  journal	= {Proc. R. Soc. B Biol. Sci.},
  number	= {November},
  pages		= {1840--1846},
  title		= {{A general model for effects of temperature on ectotherm
		  ontogenetic growth and development}},
  type		= {Journal Article},
  volume	= {279},
  year		= {2011}
}

@Article{	  brunner1994,
  author	= {Brunner, D and D{\"{u}}cker, K and Oellers, N and Hafen, E
		  and Scholz, H and Kl{\"{a}}mbt, C},
  doi		= {10.1038/370386a0},
  journal	= {Nature},
  month		= {aug},
  number	= {6488},
  pages		= {386--9},
  title		= {{The ETS domain protein pointed-P2 is a target of MAP
		  kinase in the sevenless signal transduction pathway.}},
  volume	= {370},
  year		= {1994}
}

@Misc{		  iansimpson2002a,
  author	= {{Ian Simpson}, T. and Price, David J.},
  booktitle	= {BioEssays},
  doi		= {10.1002/bies.10174},
  month		= {nov},
  number	= {11},
  pages		= {1041--1051},
  publisher	= {John Wiley {\&} Sons, Ltd},
  title		= {{Pax6; a pleiotropic player in development}},
  volume	= {24},
  year		= {2002}
}

@Article{	  zhang1998,
  author	= {Zhang, J and Carthew, R W and Eresh, S. and Bienz, M. and
		  Syed, A. and Marsh, J.},
  journal	= {Development},
  month		= {aug},
  number	= {16},
  pages		= {3075--85},
  publisher	= {The Company of Biologists Ltd},
  title		= {{Interactions between Wingless and DFz2 during Drosophila
		  wing development.}},
  volume	= {125},
  year		= {1998}
}

@Article{	  perry2011,
  author	= {Perry, M. W. and Boettiger, A. N. and Levine, M.},
  doi		= {10.1073/pnas.1109873108},
  journal	= {Proc. Natl. Acad. Sci.},
  title		= {{Multiple enhancers ensure precision of gap
		  gene-expression patterns in the Drosophila embryo}},
  year		= {2011}
}

@Article{	  muzzey2009a,
  author	= {Muzzey, Dale and van Oudenaarden, Alexander},
  doi		= {10.1146/annurev.cellbio.042308.113408},
  journal	= {Annu. Rev. Cell Dev. Biol.},
  month		= {nov},
  number	= {1},
  pages		= {301--327},
  publisher	= {Annual Reviews},
  title		= {{Quantitative Time-Lapse Fluorescence Microscopy in Single
		  Cells}},
  volume	= {25},
  year		= {2009}
}

@Article{	  halfon2000,
  author	= {Halfon, Marc S. and Carmena, Ana and Gisselbrecht, Stephen
		  and Sackerson, Charles M. and Jim{\'{e}}nez, Fernando and
		  Baylies, Mary K. and Michelson, Alan M.},
  doi		= {10.1016/S0092-8674(00)00105-7},
  journal	= {Cell},
  month		= {sep},
  number	= {1},
  pages		= {63--74},
  publisher	= {Cell Press},
  title		= {{Ras pathway specificity is determined by the integration
		  of multiple signal-activated and tissue-restricted
		  transcription factors}},
  volume	= {103},
  year		= {2000}
}

@Article{	  frick2017,
  author	= {Frick, Christopher L. and Yarka, Clare and Nunns, Harry
		  and Goentoro, Lea},
  doi		= {10.1073/pnas.1611428114},
  journal	= {Proc. Natl. Acad. Sci.},
  month		= {mar},
  number	= {14},
  pages		= {E2975--E2982},
  publisher	= {National Academy of Sciences},
  title		= {{Sensing relative signal in the Tgf-$\beta$/Smad pathway}},
  volume	= {114},
  year		= {2017}
}

@Article{	  sbalzarini2016,
  author	= {Sbalzarini, Ivo F.},
  doi		= {10.1007/978-3-319-28549-8_1},
  journal	= {Adv. Anatomy, Embryol. Cell Biol.},
  pages		= {1--39},
  publisher	= {Springer, Cham},
  title		= {{Seeing is believing: Quantifying is convincing:
		  Computational image analysis in biology}},
  volume	= {219},
  year		= {2016}
}

@Article{	  yang2001,
  author	= {Yang, L and Baker, N E},
  journal	= {Development},
  month		= {apr},
  number	= {7},
  pages		= {1183--91},
  title		= {{Role of the EGFR/Ras/Raf pathway in specification of
		  photoreceptor cells in the Drosophila retina.}},
  volume	= {128},
  year		= {2001}
}

@Misc{		  oates2009,
  author	= {Oates, Andrew C. and Gorfinkiel, Nicole and
		  Gonz{\'{a}}lez-Gait{\'{a}}n, Marcos and Heisenberg, Carl
		  Philipp},
  booktitle	= {Nat. Rev. Genet.},
  doi		= {10.1038/nrg2548},
  month		= {aug},
  number	= {8},
  pages		= {517--530},
  publisher	= {Nature Publishing Group},
  title		= {{Quantitative approaches in developmental biology}},
  volume	= {10},
  year		= {2009}
}

@Article{	  krafka1920,
  author	= {Krafka, J},
  journal	= {J Gen Physiol},
  number	= {4},
  pages		= {409--432},
  title		= {{The Effect of Temperature Upon Facet Number in the
		  Bar-Eyed Mutant of Drosophila : Part I}},
  type		= {Journal Article},
  volume	= {2},
  year		= {1920}
}

@Article{	  li2009b,
  author	= {Li, Xin and Cassidy, Justin J and Reinke, Catherine A and
		  Fischboeck, Stephen and Carthew, Richard W},
  doi		= {10.1016/j.cell.2009.01.058},
  journal	= {Cell},
  number	= {2},
  pages		= {273--282},
  title		= {{A MicroRNA Imparts Robustness against Environmental
		  Fluctuation during Development}},
  volume	= {137},
  year		= {2009}
}

@Article{	  lucchesi1973,
  author	= {Lucchesi, John C. and Rawls, John M.},
  doi		= {10.1007/BF00485589},
  journal	= {Biochem. Genet.},
  month		= {may},
  number	= {1},
  pages		= {41--51},
  title		= {{Regulation of gene function: A comparison of enzyme
		  activity levels in relation to gene dosage in diploids and
		  triploids of Drosophila melanogaster}},
  volume	= {9},
  year		= {1973}
}

@Article{	  basler1989,
  author	= {Basler, Konrad and Hafen, Ernst},
  journal	= {Development},
  pages		= {723--731},
  title		= {{Dynamics of Drosophila eye development and temporal
		  requirements of sevenless expression}},
  volume	= {107},
  year		= {1989}
}

@Article{	  rogge1995,
  author	= {Rogge, R. and Green, P. J. and Urano, J. and Horn-Saban,
		  S. and Mlodzik, M. and Shilo, B Z and Hartenstein, V. and
		  Banerjee, U.},
  journal	= {Development},
  number	= {12},
  pages		= {3947--3958},
  title		= {{The role of yan in mediating the choice between cell
		  division and differentiation}},
  volume	= {121},
  year		= {1995}
}

@Article{	  gillespie1977,
  author	= {Gillespie, Daniel T},
  doi		= {10.1021/j100540a008},
  journal	= {J. Phys. Chem.},
  number	= {25},
  pages		= {2340--2361},
  title		= {{Exact Stochastic Simulation of Coupled Chemical
		  Reactions}},
  volume	= {81},
  year		= {1977}
}

@Article{	  lin2015,
  archiveprefix	= {arXiv},
  arxivid	= {cs/9605103},
  author	= {Lin, Yihan and Sohn, Chang Ho and Dalal, Chiraj K. and
		  Cai, Long and Elowitz, Michael B.},
  doi		= {10.1038/nature15710},
  eprint	= {9605103},
  journal	= {Nature},
  month		= {nov},
  pages		= {54--58},
  primaryclass	= {cs},
  publisher	= {Nature Publishing Group},
  title		= {{Combinatorial gene regulation by modulation of relative
		  pulse timing}},
  volume	= {527},
  year		= {2015}
}

@Article{	  lewis1978,
  author	= {Lewis, E. B.},
  doi		= {10.1038/276565a0},
  journal	= {Nature},
  month		= {dec},
  number	= {5688},
  pages		= {565--570},
  publisher	= {Nature Publishing Group},
  title		= {{A gene complex controlling segmentation in Drosophila}},
  volume	= {276},
  year		= {1978}
}

@Article{	  clifford1989,
  author	= {Clifford, R.J. and Schupbach, T.},
  doi		= {10.1016/0168-9525(90)90089-O},
  journal	= {Genetics},
  number	= {4},
  pages		= {771--787},
  title		= {{Coordinately and differentially mutable activities of
		  torpedo, the Drosophila melanogaster homolog of the
		  vertebrate EGF receptor gene}},
  volume	= {123},
  year		= {1989}
}

@Article{	  golic1996,
  author	= {Golic, Mary M and Golic, Kent G},
  journal	= {Genetics},
  number	= {1},
  pages		= {385--400},
  title		= {{A quantitative measure of the mitotic pairing of alleles
		  in Drosophila melanogaster and the influence of structural
		  heterozygosity}},
  type		= {Journal Article},
  volume	= {143},
  year		= {1996}
}

@Article{	  francesconi2014,
  author	= {Francesconi, M and Lehner, B},
  doi		= {10.1038/nature12772 nature12772 [pii]},
  journal	= {Nature},
  number	= {7482},
  pages		= {208--211},
  title		= {{The effects of genetic variation on gene expression
		  dynamics during development}},
  type		= {Journal Article},
  volume	= {505},
  year		= {2014}
}

@Article{	  dun1958,
  author	= {Dun, R.B. and Fraser, A.S.},
  journal	= {Nature},
  pages		= {1638 -- 1640},
  title		= {{Selection for an Invariant Character - 'Vibrissa Number'
		  - in the House Mouse}},
  volume	= {182},
  year		= {1958}
}

@Article{	  quan2005,
  author	= {Quan, X J and Hassan, B A},
  doi		= {10.1007/s00018-005-5124-1},
  journal	= {Cell Mol Life Sci},
  number	= {18},
  pages		= {2036--2049},
  title		= {{From skin to nerve: flies, vertebrates and the first
		  helix}},
  type		= {Journal Article},
  volume	= {62},
  year		= {2005}
}

@Article{	  ready1976a,
  author	= {Ready, Donald F. and Hanson, Thomas E. and Benzer,
		  Seymour},
  doi		= {10.1016/0012-1606(76)90225-6},
  journal	= {Dev. Biol.},
  month		= {oct},
  number	= {2},
  pages		= {217--240},
  title		= {{Development of the Drosophila retina, a neurocrystalline
		  lattice}},
  volume	= {53},
  year		= {1976}
}

@Article{	  tomlinson2001,
  author	= {Tomlinson, A and Struhl, G},
  journal	= {Mol. Cell},
  month		= {mar},
  number	= {3},
  pages		= {487--95},
  title		= {{Delta/Notch and Boss/Sevenless signals act
		  combinatorially to specify the Drosophila R7
		  photoreceptor.}},
  volume	= {7},
  year		= {2001}
}

@Book{		  qbio2018,
  author	= {Munsky, Brian and Tuzman, Karen Tkach and Fey, Dirk and
		  Dobrzynski, Maciej and Kholodenko, Boris N. and Olson,
		  Sarah and Huang, Jianjun and Fox, Zachary and Singh,
		  Abhyudai and Grima, Ramon and Bertolusso, Roberto and
		  Kimmel, Marek and Voliotis, Margaritis and Thomas, Philipp
		  and Bowsher, Clive G. and Sokolowski, Thomas R. and ten
		  Wolde, Pieter Rein and Sulc, Petr and Doye, Jonathan P. and
		  Louis, Ard A. and Natale, Joe and Hofmann, David and
		  Hernandez, Damian and Nemenman, Ilya and Lee, Heeseob and
		  Lomnitz, Jason G. and Savageau, Michael A. and Daniels,
		  Bryan C. and Nienaltowski, Karol and Jetka, Tomasz and
		  Komorowski, Michal and {Bernie J. Daigle}, Jr. and Jia,
		  Dongya and Jolly, Mohit Kumar and Levine, Herbert and
		  Lopez-Garcia, Martin and Nowicka, Maria and Fearnley,
		  Gareth W. and Ponnambalam, Sreenivasan and Lythe, Grant and
		  Molina-Paris, Carmen and Sauro, Herbert M. and Cazzaniga,
		  Paolo and Nobile, Marco S. and Tangherloni, Andrea and
		  Besozzi, Daniela and Blinov, Michael L. and Vasilescu, Dan
		  and Moraru, Ion I. and Schaff, James C. and Slepchenko,
		  Boris M. and Loew, Leslie M. and Drawert, Brian and Sanft,
		  Kevin R. and Abel, John H. and Hellander, Stefan and
		  Pourzanjani, Arya and Petzold, Linda R. and Gupta, Sanjana
		  and Czech, Jacob and Kuczewski, Robert and Bartol, Thomas
		  M. and Sejnowski, Terrence J. and Lee, Robin E. C. and
		  Faeder, James R. and Chandra, Fiona A. and Lan, Ganhui and
		  Perelson, Alan S. and Ribeiro, Ruy M. and Mugler, Andrew
		  and Fancher, Sean and Weber, Lisa and Raymond, William and
		  Munsky, Brian and Hlavacek, William S. and Tsimring, Lev
		  S.},
  publisher	= {The MIT Press},
  title		= {{Quantitative Biology: Theory, Computational Methods, and
		  Models}},
  year		= {2018}
}

@Article{	  niwa2000,
  author	= {Niwa, Hitoshi and Miyazaki, Jun-Ichi and Smith, Austin
		  G.},
  journal	= {Nat. Genet.},
  number	= {April},
  pages		= {372--376},
  title		= {{Quantitative expression of Oct-3/4 defines
		  differentiation, dedifferentiation or self-renewal of ES
		  cells}},
  volume	= {24},
  year		= {2000}
}

@Article{	  halder1995,
  author	= {Halder, G and Callaerts, P and Gehring, W.},
  doi		= {10.1126/science.7892602},
  journal	= {Science (80-. ).},
  month		= {mar},
  number	= {5205},
  pages		= {1788--1792},
  publisher	= {American Association for the Advancement of Science},
  title		= {{Induction of ectopic eyes by targeted expression of the
		  eyeless gene in Drosophila}},
  volume	= {267},
  year		= {2006}
}

@Article{	  li2005,
  author	= {Li, Xin and Carthew, Richard W},
  doi		= {10.1016/j.cell.2005.10.040},
  journal	= {Cell},
  number	= {7},
  pages		= {1267--1277},
  title		= {{A microRNA mediates EGF receptor signaling and promotes
		  photoreceptor differentiation in the Drosophila eye}},
  type		= {Journal Article},
  volume	= {123},
  year		= {2005}
}

@Article{	  hellemans2007,
  author	= {Hellemans, Jan and Mortier, Geert and {De Paepe}, Anne and
		  Speleman, Frank and Vandesompele, Jo},
  doi		= {10.1186/gb-2007-8-2-r19},
  journal	= {Genome Biol.},
  month		= {feb},
  number	= {2},
  publisher	= {BioMed Central},
  title		= {{qBase relative quantification framework and software for
		  management and automated analysis of real-time quantitative
		  PCR data}},
  volume	= {8},
  year		= {2007}
}

@Article{	  tworoger1999,
  author	= {Tworoger, Michael and Larkin, Michele Keller and Bryant,
		  Zev and Ruohola-Baker, Hannele},
  journal	= {Genetics},
  title		= {{Mosaic analysis in the Drosophila ovary reveals a common
		  Hedgehog- inducible precursor stage for stalk and polar
		  cells}},
  year		= {1999}
}

@Article{	  costes2004,
  author	= {Costes, Sylvain V. and Daelemans, Dirk and Cho, Edward H.
		  and Dobbin, Zachary and Pavlakis, George and Lockett,
		  Stephen},
  doi		= {10.1529/biophysj.103.038422},
  journal	= {Biophys. J.},
  month		= {jun},
  number	= {6},
  pages		= {3993--4003},
  publisher	= {Cell Press},
  title		= {{Automatic and quantitative measurement of protein-protein
		  colocalization in live cells}},
  volume	= {86},
  year		= {2004}
}

@Article{	  lai1992a,
  author	= {Lai, Zhi-Chun and Rubin, Gerald M},
  journal	= {Cell},
  number	= {609420},
  title		= {{Negative Control of Photoreceptor Development in
		  Drosophila by the Product of the yan Gene, an ETS Domain
		  Protein}},
  volume	= {70},
  year		= {1992}
}

@InCollection{	  love2015,
  author	= {Love, Alan},
  booktitle	= {Stanford Encycl. Philos.},
  edition	= {Fall 2015},
  editor	= {Zalta, Edward N},
  publisher	= {Metaphysics Research Lab, Stanford University},
  title		= {{Developmental Biology}},
  year		= {2015}
}

@Article{	  yao2008,
  author	= {Yao, Guang and Lee, Tae Jun and Mori, Seiichi and Nevins,
		  Joseph R. and You, Lingchong},
  doi		= {10.1038/ncb1711},
  journal	= {Nat. Cell Biol.},
  number	= {4},
  pages		= {476--482},
  title		= {{A bistable Rb-E2F switch underlies the restriction
		  point}},
  volume	= {10},
  year		= {2008}
}

@Article{	  wagner2000,
  author	= {Wagner, Andreas},
  doi		= {10.1038/74174},
  journal	= {Nat. Genet.},
  number	= {4},
  pages		= {355--61},
  title		= {{Robustness against mutations in genetic networks of
		  yeast.}},
  volume	= {24},
  year		= {2000}
}

@Article{	  bateman1959a,
  author	= {Bateman, K G},
  doi		= {10.1007/BF02984796},
  journal	= {J. Genet.},
  number	= {3},
  pages		= {443--474},
  title		= {{The genetic assimilation of four venation phenocopies}},
  volume	= {56},
  year		= {1959}
}

@Article{	  arendt1997,
  author	= {Arendt, J D},
  journal	= {Q. Rev. Biol.},
  number	= {2},
  pages		= {149--177},
  title		= {{Adaptive intrinsic growth rates: An integration across
		  taxa}},
  type		= {Journal Article},
  volume	= {72},
  year		= {1997}
}

@Article{	  singh2011,
  author	= {Singh, Abhyudai and Hespanha, Joao P.},
  doi		= {10.1109/TAC.2010.2088631},
  journal	= {IEEE Trans. Automat. Contr.},
  month		= {feb},
  number	= {2},
  pages		= {414--418},
  title		= {{Approximate moment dynamics for chemically reacting
		  systems}},
  volume	= {56},
  year		= {2011}
}

@Article{	  cagan1989,
  author	= {Cagan, Ross L. and Ready, Donald F.},
  doi		= {10.1101/gad.3.8.1099},
  journal	= {Genes Dev.},
  pages		= {1099--1112},
  title		= {{Notch is required for successive cell decisions in the
		  developing Drosophila retina.}},
  volume	= {3},
  year		= {1989}
}

@Article{	  dai2017,
  author	= {Dai, Wei and Peterson, Amy and Kenney, Thomas and Burrous,
		  Haley and Montell, Denise J.},
  doi		= {10.1038/s41467-017-01322-9},
  journal	= {Nat. Commun.},
  month		= {dec},
  number	= {1},
  pages		= {1244},
  publisher	= {Nature Publishing Group},
  title		= {{Quantitative microscopy of the Drosophila ovary shows
		  multiple niche signals specify progenitor cell fate}},
  volume	= {8},
  year		= {2017}
}

@Article{	  rutherford1998,
  archiveprefix	= {arXiv},
  arxivid	= {63},
  author	= {Rutherford, Suzanne L and Lindquist, Susan},
  doi		= {10.1038/24550},
  eprint	= {63},
  journal	= {Nature},
  number	= {6709},
  pages		= {336--342},
  title		= {{Hsp90 as a capacitor for morphological evolution}},
  type		= {Journal Article},
  volume	= {396},
  year		= {1998}
}

@Article{	  arsenovic2017,
  author	= {Arsenovic, Paul T. and Mayer, Carl R. and Conway, Daniel
		  E.},
  doi		= {10.1038/s41598-017-15411-8},
  journal	= {Sci. Rep.},
  month		= {dec},
  number	= {1},
  publisher	= {Nature Publishing Group},
  title		= {{SensorFRET: A Standardless Approach to Measuring
		  Pixel-based Spectral Bleed-through and FRET Efficiency
		  using Spectral Imaging}},
  volume	= {7},
  year		= {2017}
}

@Misc{		  shilo1991,
  author	= {Shilo, Ben Zion and Raz, Erez},
  booktitle	= {Trends Genet.},
  doi		= {10.1016/0168-9525(91)90261-N},
  month		= {nov},
  number	= {11-12},
  pages		= {388--392},
  publisher	= {Elsevier Current Trends},
  title		= {{Developmental control by the Drosophila EGF receptor
		  homolog DER}},
  volume	= {7},
  year		= {1991}
}

@Article{	  lewis1980,
  author	= {Lewis, R A and Wakimoto, B T and Denell, R E and Kaufman,
		  T C},
  journal	= {Genetics},
  number	= {2},
  pages		= {383--397},
  title		= {{Genetic Analysis of the Antennapedia Gene Complex (Ant-C)
		  and Adjacent Chromosomal Regions of DROSOPHILA
		  MELANOGASTER. II. Polytene Chromosome Segments
		  84A-84B1,2}},
  type		= {Journal Article},
  volume	= {95},
  year		= {1980}
}

@Article{	  shwartz2013,
  author	= {Shwartz, Arkadi and Yogev, Shaul and Schejter, Eyal D. and
		  Shilo, Ben-Zion},
  doi		= {10.1242/dev.093138},
  journal	= {Development},
  number	= {13},
  pages		= {2746--2754},
  title		= {{Sequential activation of ETS proteins provides a
		  sustained transcriptional response to EGFR signaling}},
  volume	= {140},
  year		= {2013}
}

@Article{	  bhalla2002,
  author	= {Bhalla, Upinder S. and Ram, Prahlad T. and Iyengar, Ravi},
  doi		= {10.1126/science.1068873},
  journal	= {Science (80-. ).},
  number	= {5583},
  pages		= {1018--1023},
  title		= {{MAP Kinase Phosphatase As a Locus of Flexibility in a
		  Mitogen-Activated Protein Kinase Signaling Network}},
  volume	= {297},
  year		= {2002}
}

@Article{	  alon1999,
  author	= {Alon, U. and Surette, M. G. and Barkai, N. and Leibler,
		  S.},
  doi		= {10.1038/16483},
  journal	= {Nature},
  title		= {{Robustness in bacterial chemotaxis}},
  year		= {1999}
}

@Article{	  wolff1991a,
  author	= {Wolff, Tanya and Ready, Donald F.},
  journal	= {Development},
  number	= {3},
  pages		= {841--850},
  title		= {{The beginning of pattern formation in the Drosophila
		  compound eye: the morphogenetic furrow and the second
		  mitotic wave}},
  volume	= {113},
  year		= {1991}
}

@Article{	  shingleton2005,
  author	= {Shingleton, A W and Das, J and Vinicius, L and Stern, D
		  L},
  doi		= {04-PLBI-RA-0750R2 [pii] 10.1371/journal.pbio.0030289},
  journal	= {PLoS Biol},
  number	= {9},
  pages		= {e289},
  title		= {{The temporal requirements for insulin signaling during
		  development in Drosophila}},
  type		= {Journal Article},
  volume	= {3},
  year		= {2005}
}

@Misc{		  perrimon1994,
  author	= {Perrimon, Norbert},
  booktitle	= {Cell},
  doi		= {10.1016/0092-8674(94)90351-4},
  month		= {mar},
  number	= {5},
  pages		= {781--784},
  publisher	= {Cell Press},
  title		= {{The genetic basis of patterned baldness in Drosophila}},
  volume	= {76},
  year		= {1994}
}

@Article{	  denes2013,
  author	= {Denes, Alexandru S. and Caussinus, Emmanuel and Affolter,
		  Markus and Kanca, Oguz and Percival-Smith, Anthony},
  doi		= {10.1242/dev.102913},
  journal	= {Development},
  month		= {jan},
  number	= {2},
  pages		= {472--480},
  publisher	= {Oxford University Press for The Company of Biologists
		  Limited},
  title		= {{Raeppli: a whole-tissue labeling tool for live imaging of
		  Drosophila development}},
  volume	= {141},
  year		= {2013}
}

@Article{	  kozomara2014,
  author	= {Kozomara, A and Griffiths-Jones, S},
  doi		= {10.1093/nar/gkt1181 gkt1181 [pii]},
  journal	= {Nucleic Acids Res},
  number	= {Database issue},
  pages		= {D68--73},
  title		= {{miRBase: annotating high confidence microRNAs using deep
		  sequencing data}},
  type		= {Journal Article},
  volume	= {42},
  year		= {2014}
}

@Article{	  carthew2017,
  author	= {Carthew, R W and Agbu, P and Giri, R},
  doi		= {S1084-9521(16)30076-3 [pii] 10.1016/j.semcdb.2016.03.015},
  journal	= {Semin Cell Dev Biol},
  pages		= {29--37},
  title		= {{MicroRNA function in Drosophila melanogaster}},
  type		= {Journal Article},
  volume	= {65},
  year		= {2017}
}

@Article{	  beal2017,
  author	= {Beal, Jacob},
  doi		= {10.1049/enb.2017.0004},
  journal	= {Eng. Biol.},
  month		= {jun},
  number	= {1},
  pages		= {55--60},
  title		= {{Biochemical complexity drives log-normal variation in
		  genetic expression}},
  volume	= {1},
  year		= {2017}
}

@Article{	  bhanot1999,
  author	= {Bhanot, P and Fish, M and Jemison, J A and Nusse, R and
		  Nathans, J and Cadigan, K M},
  journal	= {Development},
  title		= {{Frizzled and Dfrizzled-2 function as redundant receptors
		  for Wingless during Drosophila embryonic development.}},
  year		= {1999}
}

@Article{	  driever1988a,
  author	= {Driever, Wolfgang and N{\"{u}}sslein-Volhard, Christiane},
  doi		= {10.1016/0092-8674(88)90182-1},
  journal	= {Cell},
  month		= {jul},
  number	= {1},
  pages		= {83--93},
  publisher	= {Cell Press},
  title		= {{A gradient of bicoid protein in Drosophila embryos}},
  volume	= {54},
  year		= {1988}
}

@Article{	  maurano2012,
  author	= {Maurano, Matthew T and Humbert, Richard and Rynes, Eric
		  and Thurman, Robert E and Haugen, Eric and Wang, Hao and
		  Reynolds, Alex P and Sandstrom, Richard and Qu, Hongzhu and
		  Brody, Jennifer and Shafer, Anthony and Neri, Fidencio and
		  Lee, Kristen and Kutyavin, Tanya and Stehling-Sun, Sandra
		  and Johnson, Audra K and Canfield, Theresa K and Giste,
		  Erika and Diegel, Morgan and Bates, Daniel and Hansen, R
		  Scott and Neph, Shane and Sabo, Peter J and Heimfeld,
		  Shelly and Raubitschek, Antony and Ziegler, Steven and
		  Cotsapas, Chris and Sotoodehnia, Nona and Glass, Ian and
		  Sunyaev, Shamil R and Kaul, Rajinder and
		  Stamatoyannopoulos, John A},
  doi		= {10.1126/science.1222794},
  journal	= {Science},
  month		= {sep},
  number	= {6099},
  pages		= {1190--5},
  title		= {{Systematic localization of common disease-associated
		  variation in regulatory DNA.}},
  volume	= {337},
  year		= {2012}
}

@Article{	  rosvall2009,
  author	= {Rosvall, M. and Axelsson, D. and Bergstrom, C. T.},
  doi		= {10.1140/epjst/e2010-01179-1},
  journal	= {Eur. Phys. J. Spec. Top.},
  title		= {{The map equation}},
  year		= {2009}
}

@Article{	  kamada1989,
  author	= {Kamada, Tomihisa and Kawai, Satoru},
  doi		= {10.1016/0020-0190(89)90102-6},
  journal	= {Inf. Process. Lett.},
  month		= {apr},
  number	= {1},
  pages		= {7--15},
  publisher	= {Elsevier},
  title		= {{An algorithm for drawing general undirected graphs}},
  volume	= {31},
  year		= {1989}
}

@Article{	  germani2018,
  author	= {Germani, Federico and Bergantinos, Cora and Johnston,
		  Laura A},
  doi		= {10.1534/genetics.117.300256},
  journal	= {Genetics},
  month		= {feb},
  number	= {2},
  pages		= {473--490},
  publisher	= {Genetics},
  title		= {{Mosaic analysis in Drosophila}},
  volume	= {208},
  year		= {2018}
}

@Misc{		  gesztelyi2012,
  author	= {Gesztelyi, Rudolf and Zsuga, Judit and Kemeny-Beke, Adam
		  and Varga, Balazs and Juhasz, Bela and Tosaki, Arpad},
  booktitle	= {Arch. Hist. Exact Sci.},
  doi		= {10.1007/s00407-012-0098-5},
  month		= {jul},
  number	= {4},
  pages		= {427--438},
  publisher	= {Springer-Verlag},
  title		= {{The Hill equation and the origin of quantitative
		  pharmacology}},
  volume	= {66},
  year		= {2012}
}

@Article{	  behar2007,
  author	= {Behar, Marcelo and Hao, Nan and Dohlman, Henrik G and
		  Elston, Timothy C},
  doi		= {10.1529/biophysj.107.107516},
  journal	= {Biophys. J.},
  number	= {3},
  pages		= {806--21},
  title		= {{Mathematical and computational analysis of adaptation via
		  feedback inhibition in signal transduction pathways.}},
  volume	= {93},
  year		= {2007}
}

@Misc{		  bellen2010,
  author	= {Bellen, Hugo J and Tong, Chao and Tsuda, Hiroshi},
  booktitle	= {Nat. Rev. Neurosci.},
  doi		= {10.1038/nrn2839},
  month		= {jul},
  number	= {7},
  pages		= {514--522},
  publisher	= {NIH Public Access},
  title		= {{100 years of Drosophila research and its impact on
		  vertebrate neuroscience: A history lesson for the future}},
  volume	= {11},
  year		= {2010}
}

@Article{	  vanderplas2018,
  archiveprefix	= {arXiv},
  arxivid	= {1703.09824},
  author	= {VanderPlas, Jacob},
  eprint	= {1703.09824},
  journal	= {Astrophys. J. Suppl. Ser.},
  number	= {1},
  pages		= {1--55},
  title		= {{Understanding the Lomb-Scargle periodogram}},
  volume	= {236},
  year		= {2018}
}

@Article{	  park2012,
  author	= {Park, Byung Ouk and Ahrends, Robert and Teruel, Mary N.},
  doi		= {10.1016/j.celrep.2012.08.038},
  journal	= {Cell Rep.},
  month		= {oct},
  number	= {4},
  pages		= {976--990},
  publisher	= {Cell Press},
  title		= {{Consecutive Positive Feedback Loops Create a Bistable
		  Switch that Controls Preadipocyte-to-Adipocyte
		  Conversion}},
  volume	= {2},
  year		= {2012}
}

@Article{	  pontzer2016,
  author	= {Pontzer, Herman and Brown, Mary H and Raichlen, David A
		  and Dunsworth, Holly and Hare, Brian and Walker, Kara and
		  Luke, Amy and Dugas, Lara R and Durazo-Arvizu, Ramon and
		  Schoeller, Dale and Plange-Rhule, Jacob and Bovet, Pascal
		  and Forrester, Terrence E and Lambert, Estelle V and
		  Thompson, Melissa Emery and Shumaker, Robert W and Ross,
		  Stephen R},
  doi		= {10.1038/nature17654},
  journal	= {Nature},
  number	= {7603},
  pages		= {390--392},
  title		= {{Metabolic acceleration and the evolution of human brain
		  size and life history}},
  type		= {Journal Article},
  volume	= {533},
  year		= {2016}
}

@Article{	  neufeld1998,
  author	= {Neufeld, Thomas P and {De La Cruz}, Aida Flor A. and
		  Johnston, Laura A and Edgar, Bruce A},
  doi		= {10.1016/S0092-8674(00)81462-2},
  journal	= {Cell},
  month		= {jun},
  number	= {7},
  pages		= {1183--1193},
  publisher	= {Cell Press},
  title		= {{Coordination of growth and cell division in the
		  Drosophila wing}},
  volume	= {93},
  year		= {1998}
}

@Article{	  theodosiou1998,
  author	= {Theodosiou, Nicole A. and Xu, Tian},
  doi		= {10.1006/meth.1998.0591},
  journal	= {Methods A Companion to Methods Enzymol.},
  month		= {apr},
  number	= {4},
  pages		= {355--365},
  publisher	= {Academic Press},
  title		= {{Use of FLP/FRT system to study Drosophila development}},
  volume	= {14},
  year		= {1998}
}

@Article{	  mcghee2009,
  author	= {McGhee, James D. and Fukushige, Tetsunari and Krause,
		  Michael W. and Minnema, Stephanie E. and Goszczynski,
		  Barbara and Gaudet, Jeb and Kohara, Yuji and Bossinger,
		  Olaf and Zhao, Yongjun and Khattra, Jaswinder and Hirst,
		  Martin and Jones, Steven J.M. and Marra, Marco A. and
		  Ruzanov, Peter and Warner, Adam and Zapf, Richard and
		  Moerman, Donald G. and Kalb, John M.},
  doi		= {10.1016/j.ydbio.2008.11.034},
  journal	= {Dev. Biol.},
  number	= {2},
  pages		= {551--565},
  title		= {{ELT-2 is the predominant transcription factor controlling
		  differentiation and function of the C. elegans intestine,
		  from embryo to adult}},
  volume	= {327},
  year		= {2009}
}

@InProceedings{	  gaudette2009,
  author	= {Gaudette, Lisa and Japkowicz, Nathalie},
  booktitle	= {Lect. Notes Comput. Sci.},
  doi		= {10.1007/978-3-642-01818-3_25},
  pages		= {207--210},
  publisher	= {Springer, Berlin, Heidelberg},
  title		= {{Evaluation methods for ordinal classification.}},
  volume	= {5549 LNAI},
  year		= {2009}
}

@Article{	  petkova2019,
  author	= {Petkova, Mariela D. and Tka{\v{c}}ik, Ga{\v{s}}per and
		  Bialek, William and Wieschaus, Eric F. and Gregor, Thomas},
  doi		= {10.1016/j.cell.2019.01.007},
  journal	= {Cell},
  month		= {feb},
  number	= {4},
  pages		= {844--855.e15},
  title		= {{Optimal Decoding of Cellular Identities in a Genetic
		  Network}},
  volume	= {176},
  year		= {2019}
}

@Article{	  beadle1936,
  author	= {Beadle, G W and Ephrussi, B},
  journal	= {Genetics},
  month		= {may},
  number	= {3},
  pages		= {225--47},
  publisher	= {Genetics Society of America},
  title		= {{The Differentiation of Eye Pigments in Drosophila as
		  Studied by Transplantation.}},
  volume	= {21},
  year		= {1936}
}

@Article{	  felkai1999,
  author	= {Felkai, S and Ewbank, J J and Lemieux, J and Labbe, J C
		  and Brown, G G and Hekimi, S},
  doi		= {10.1093/emboj/18.7.1783},
  journal	= {EMBO J},
  number	= {7},
  pages		= {1783--1792},
  title		= {{CLK-1 controls respiration, behavior and aging in the
		  nematode Caenorhabditis elegans}},
  type		= {Journal Article},
  volume	= {18},
  year		= {1999}
}

@Article{	  levine2005,
  author	= {Levine, M. and Davidson, E. H.},
  doi		= {10.1073/pnas.0408031102},
  journal	= {Proc. Natl. Acad. Sci.},
  title		= {{Gene regulatory networks for development}},
  year		= {2005}
}

@Article{	  metcalfe2001,
  author	= {Metcalfe, N B and Monaghan, P},
  doi		= {S0169534701021243 [pii]},
  journal	= {Trends Ecol Evol},
  number	= {5},
  pages		= {254--260},
  title		= {{Compensation for a bad start: grow now, pay later?}},
  type		= {Journal Article},
  volume	= {16},
  year		= {2001}
}

@Article{	  jug2014,
  author	= {Jug, Florian and Pietzsch, Tobias and Preibisch, Stephan
		  and Tomancak, Pavel},
  doi		= {10.1016/j.ymeth.2014.04.004},
  journal	= {Methods},
  month		= {jun},
  number	= {1},
  pages		= {60--73},
  publisher	= {Academic Press},
  title		= {{Bioimage Informatics in the context of Drosophila
		  research}},
  volume	= {68},
  year		= {2014}
}

@Article{	  marciano2014,
  author	= {Marciano, David C and Lua, Rhonald C and Katsonis,
		  Panagiotis and Amin, Shivas R and Herman, Christophe and
		  Lichtarge, Olivier},
  doi		= {10.1016/j.celrep.2014.05.018},
  journal	= {Cell Rep.},
  number	= {6},
  pages		= {1789--1795},
  title		= {{Negative Feedback in Genetic Circuits Confers
		  Evolutionary Resilience and Capacitance}},
  volume	= {7},
  year		= {2014}
}

@Article{	  nakai2001,
  author	= {Nakai, D and Yuasa, S and Takahashi, M and Shimizu, T and
		  Asaumi, S and Isono, K and Takao, T and Suzuki, Y and
		  Kuroyanagi, H and Hirokawa, K and Koseki, H and Shirsawa,
		  T},
  doi		= {10.1006/bbrc.2001.5977 S0006291X01959777 [pii]},
  journal	= {Biochem Biophys Res Commun},
  number	= {2},
  pages		= {463--471},
  title		= {{Mouse homologue of coq7/clk-1, longevity gene in
		  Caenorhabditis elegans, is essential for coenzyme Q
		  synthesis, maintenance of mitochondrial integrity, and
		  neurogenesis}},
  type		= {Journal Article},
  volume	= {289},
  year		= {2001}
}

@PhDThesis{	  pelaez2016,
  author	= {Pel{\'{a}}ez, Nicol{\'{a}}s},
  school	= {Northwestern University},
  title		= {{Dynamics and heterogeneity of fate determinants during
		  transition towards cell differentiation}},
  year		= {2016}
}

@Article{	  newsome2000,
  author	= {Newsome, T P and Asling, B and Dickson, B J},
  journal	= {Development},
  month		= {feb},
  number	= {4},
  pages		= {851--60},
  title		= {{Analysis of Drosophila photoreceptor axon guidance in
		  eye-specific mosaics.}},
  volume	= {127},
  year		= {2000}
}

@Article{	  banerjee1987,
  author	= {Banerjee, U and Renfranz, P J and Hinton, D R and Rabin, B
		  A and Benzer, S},
  journal	= {Cell},
  number	= {1},
  pages		= {151--158},
  title		= {{The sevenless+ protein is expressed apically in cell
		  membranes of developing Drosophila retina; it is not
		  restricted to cell R7}},
  type		= {Journal Article},
  volume	= {51},
  year		= {1987}
}

@Article{	  munoz-jimenez2017,
  author	= {Mu{\~{n}}oz-Jim{\'{e}}nez, Celia and Ayuso, Cristina and
		  Dobrzynska, Agnieszka and Torres-Mend{\'{e}}z, Antonio and
		  Ruiz, Patricia de la Cruz and Askjaer, Peter},
  doi		= {10.1534/genetics.117.201012},
  journal	= {Genetics},
  month		= {aug},
  number	= {4},
  pages		= {1763--1778},
  publisher	= {Genetics},
  title		= {{An efficient FLP-based toolkit for spatiotemporal control
		  of gene expression in Caenorhabditis elegans}},
  volume	= {206},
  year		= {2017}
}

@Article{	  oriordan1999,
  author	= {O'Riordan, Mary and Grosschedl, Rudolf},
  doi		= {10.1016/S1074-7613(00)80078-3},
  journal	= {Immunity},
  pages		= {21--31},
  title		= {{Coordinate regulation of B cell differentiation by the
		  transcription factors EBF and E2A}},
  volume	= {11},
  year		= {1999}
}

@Article{	  sotiropoulos2011,
  author	= {Sotiropoulos, Vassilios and Kaznessis, Yiannis N.},
  doi		= {10.1016/j.ces.2010.10.024},
  journal	= {Chem. Eng. Sci.},
  month		= {feb},
  number	= {3},
  pages		= {268--277},
  title		= {{Analytical derivation of moment equations in stochastic
		  chemical kinetics}},
  volume	= {66},
  year		= {2011}
}

@Article{	  bernasek2018,
  author	= {Bernasek, Sebastian M. and Lachance, Jean-Fran{\c{c}}ois
		  Boisclair and Pel{\'{a}}ez, Nicol{\'{a}}s and Bakker,
		  Rachael and Navarro, Heliodoro Tejedor and Amaral, Luis A.
		  N. and Bagheri, Neda and Rebay, Ilaria and Carthew, Richard
		  W.},
  doi		= {http://dx.doi.org/10.1101/430744},
  journal	= {bioRxiv},
  month		= {sep},
  pages		= {430744},
  publisher	= {Cold Spring Harbor Laboratory},
  title		= {{Ratio-based sensing of two transcription factors
		  regulates the transit to differentiation}},
  year		= {2018}
}

@Article{	  rahimi2016,
  author	= {Rahimi, Neta and Averbukh, Inna and Haskel-Ittah, Michal
		  and Degani, Neta and Schejter, Eyal D and Barkai, Naama and
		  Shilo, Ben Zion},
  doi		= {10.1016/j.devcel.2016.01.023},
  journal	= {Dev. Cell},
  number	= {4},
  pages		= {401--414},
  publisher	= {Elsevier Inc},
  title		= {{A WntD-Dependent Integral Feedback Loop Attenuates
		  Variability in Drosophila Toll Signaling}},
  volume	= {36},
  year		= {2016}
}

@Article{	  kuntz2014,
  author	= {Kuntz, S G and Eisen, M B},
  doi		= {10.1371/journal.pgen.1004293 PGENETICS-D-13-02464 [pii]},
  journal	= {PLoS Genet},
  number	= {4},
  pages		= {e1004293},
  title		= {{Drosophila embryogenesis scales uniformly across
		  temperature in developmentally diverse species}},
  type		= {Journal Article},
  volume	= {10},
  year		= {2014}
}

@Misc{		  lazebnik2004,
  author	= {Lazebnik, Y.},
  booktitle	= {Biochemistry},
  doi		= {10.1007/s10541-005-0013-7},
  number	= {12},
  pages		= {1403--1406},
  title		= {{Can a biologist fix a radio? - Or, what I learned while
		  studying apoptosis}},
  volume	= {69},
  year		= {2004}
}

@Article{	  tollerson2018,
  author	= {Tollerson, Rodney and Witzky, Anne and Ibba, Michael},
  doi		= {10.1073/pnas.1812025115},
  journal	= {Proc. Natl. Acad. Sci.},
  month		= {oct},
  number	= {43},
  pages		= {11072--11077},
  publisher	= {National Academy of Sciences},
  title		= {{Elongation factor P is required to maintain proteome
		  homeostasis at high growth rate}},
  volume	= {115},
  year		= {2018}
}

@Article{	  child1939,
  author	= {Child, G},
  journal	= {Biol. Bull.},
  number	= {2},
  pages		= {432--442},
  title		= {{The effect of increasing time of development at constant
		  temperature on the wing size of vestigial of Drosophila
		  melanogaster}},
  type		= {Journal Article},
  volume	= {77},
  year		= {1939}
}

@Article{	  wu1983,
  author	= {Wu, C. F. Jeff},
  doi		= {10.1214/aos/1176346060},
  journal	= {Ann. Stat.},
  month		= {mar},
  number	= {1},
  pages		= {95--103},
  publisher	= {Institute of Mathematical Statistics},
  title		= {{On the Convergence Properties of the EM Algorithm}},
  volume	= {11},
  year		= {1983}
}
